2752 4620
580 241 793 305 ..30-

144 397 265 474 pulchro
284 396 423 465 landono,
450 405 499 453 tuo
518 397 674 466 miseratio,
700 405 750 455 tao
769 395 941 464 cohortatio,
969 404 1009 465 tn,
1036 405 1066 452 tu
1085 397 1224 472 rhoetum!

146 499 283 576 Denique
306 518 345 557 ex
366 498 444 556 Phil.
464 499 499 571 V,
520 504 558 556 33
583 519 845 558 commemoremus
867 500 1045 575 exemplum,
1068 500 1148 578 quod
1172 519 1224 557 no-

147 607 223 661 stras
247 601 364 681 quidem
388 619 474 659 aures
496 602 656 675 repentino
678 607 709 659 et
729 602 898 677 inopinata,
922 607 956 660 ut
976 602 1020 660 ita
1042 602 1152 674 dicam,
1174 621 1223 675 ge·

147 704 309 763 minatione
340 703 481 762 offendit:
513 722 575 760 curn
606 704 659 759 hoc
678 714 778 780 potres
801 707 977 779 conscripti,
1011 703 1102 773 bello,
1136 702 1220 773 bollo,

107 867 109 871 ,
146 809 269 884 inquom,
295 807 494 863 decertandum
516 815 570 862 cst.

233 910 290 968 Sed
312 928 350 967 ne
372 909 563 984 epanaphora
578 909 698 987 quidem
721 910 753 966 in
769 908 956 967 orationibus
978 928 1032 985 pro
1050 908 1170 984 Ligario
1195 913 1226 968 et

148 1013 287 1071 Deiotaro
310 1013 398 1069 hubb.
416 1011 530 1069 Tullius
553 1012 595 1069 sio
617 1012 720 1084 utitur,
743 1017 777 1072 ut
799 1013 835 1069 ab
857 1011 910 1070 illa
930 1012 1138 1070 summissione
1161 1032 1225 1071 ora·

147 1115 238 1174 tionis
266 1116 400 1173 recedat:
431 1114 570 1171 nimirum
592 1114 642 1171 hic
665 1133 785 1193 quoque
808 1133 843 1174 ea
864 1119 979 1174 tantum
1003 1114 1142 1190 exempla
1163 1116 1226 1175 sint

146 1218 345 1295 respicienda,
377 1235 453 1296 quae
482 1217 713 1289 ,contentionem
737 1217 866 1296 utiquam
889 1223 920 1276 et
941 1217 1099 1276 clamorem
1124 1220 1224 1296 requi·

146 1324 233 1380 rent‘.
281 1319 388 1383 Qualia
417 1319 477 1378 sint
506 1322 596 1394 puto:
626 1319 706 1376 Phil.
725 1319 781 1392 XI,
802 1323 838 1377 10
869 1321 967 1397 Neque
995 1338 1070 1377 nario
1089 1319 1223 1397 fortusse

146 1425 258 1482 olianus
280 1421 317 1480 ot
335 1441 367 1478 eo
383 1439 481 1490 esrom,
507 1423 566 1478 nisi
585 1421 635 1477 illc
656 1420 748 1493 nobis,
771 1423 831 1480 ni'si
850 1423 994 1480 moenibus
1013 1425 1140 1500 petrice,
1165 1425 1226 1480 nr'si

146 1527 213 1583 inec
232 1524 306 1594 nobi,
331 1525 449 1582 insidis
463 1522 625 1600 partetibus,
651 1525 710 1581 nisi
729 1527 791 1581 ooo'r
813 1533 842 1582 et
854 1525 937 1604 focis
955 1567 962 1582 .
979 1566 986 1581 .
1004 1567 1011 1582 .
1030 1527 1089 1583 nisi
1105 1525 1222 1602 motione

146 1637 270 1687 noiaroe
294 1669 350 1684 ...
376 1629 506 1684 inuentus
528 1635 603 1682 esset
622 1627 765 1683 chrinz'cos.
812 1627 876 1685 Mil.
895 1633 934 1686 38
956 1629 1087 1704 potuitne
1108 1661 1150 1670 —
1168 1648 1222 1705 po·

147 1733 235 1788 tnitne
257 1764 299 1773 —
318 1732 450 1807 potuitne
472 1763 514 1771 —
535 1731 665 1804 potuitne
686 1763 728 1771 —
748 1732 888 1806 potuitne.
947 1731 985 1789 07
1022 1733 1057 1788 Si
1088 1732 1222 1789 Milonem

147 1836 237 1903 trinos,
262 1835 291 1890 si
310 1833 385 1890 tnnc
404 1872 411 1889 .
429 1874 436 1888 .
454 1874 460 1888 .
475 1841 581 1908 putor,
606 1834 636 1889 ri
651 1833 755 1889 Itolihc
776 1833 901 1891 deiectus
925 1867 964 1875 -
985 1836 1015 1891 si
1035 1835 1105 1893 iaec
1127 1853 1221 1905 ormo,

144 1939 173 1994 si
194 1936 375 2013 Capitoliiooc
396 1935 543 2004 cohortes,
568 1934 773 2005 citocatiae,
798 1939 827 1992 si
846 1937 972 2012 vigiletne,
997 1939 1027 1994 oi
1046 1937 1155 1995 deiecto
1179 1940 1224 1997 iu-

146 2049 255 2099 ventus.
304 2035 396 2118 talne
421 2056 500 2107 eum,
525 2040 607 2095 cnt'us
629 2072 670 2081 -
693 2058 774 2109 eum,
800 2058 880 2116 quem
904 2074 945 2082 —-
967 2058 1028 2096 eum
1051 2043 1103 2116 qni
1123 2043 1221 2111 civem,

145 2161 225 2220 quem
332 2160 411 2218 quom
432 2184 439 2198 .
457 2183 464 2197 .
482 2183 489 2197 .
509 2160 589 2217 qnam
611 2160 749 2211 -eum,
775 2144 889 2218 qui-
911 2161 984 2211 coint,
1010 2145 1062 2218 qni
1081 2177 1122 2186 —-
1146 2163 1219 2219 cnm,

145 2248 256 2304 cui-
279 2263 341 2301 enm
363 2245 481 2320 conopon
503 2245 553 2300 cai
571 2245 627 2300 ium
649 2243 731 2300 nullo
754 2243 802 2300 icoc
823 2254 898 2314 erot,
924 2245 1032 2302 nnllam
1056 2247 1142 2302 cioiic
1163 2248 1219 2315 rior,

145 2348 221 2406 ouili
234 2348 441 2424 possessionum
460 2348 575 2403 termini
595 2365 680 2423 e.q.s.
728 2345 766 2403 D.
784 2346 856 2422 imp.
875 2349 981 2423 Pomp.
1001 2353 1040 2405 30
1066 2350 1158 2406 reson
1179 2358 1225 2406 cst

145 2451 234 2509 ltolio
257 2483 298 2493 -
324 2450 414 2505 Testis
436 2457 478 2505 est
500 2449 605 2506 Sicilie
627 2481 670 2490 —
696 2449 786 2507 Testis
808 2459 852 2505 est
872 2449 980 2528 Africo
1003 2485 1045 2494 -
1071 2451 1163 2508 Testis
1179 2460 1223 2508 cst

145 2554 241 2615 Gallio
264 2586 304 2595 -
330 2552 420 2609 Testis
441 2561 484 2608 est
506 2553 649 2626 Hispania
676 2585 717 2594 -··
744 2553 836 2610 Testis
864 2563 907 2610 est
935 2556 1035 2611 r'tcrnrn
1059 2563 1088 2611 ct
1108 2556 1223 2630 scopin

144 2658 244 2715 Itoiin.
292 2654 430 2732 Denique
452 2675 481 2730 p.
506 2655 593 2714 Rosa.
618 2659 684 2713 Am.
707 2660 742 2714 13
766 2659 917 2714 Aoocront
938 2659 971 2726 ii,
997 2660 1048 2732 qui
1152 2675 1222 2713 oon·

145 2779 206 2818 som
228 2760 301 2817 dicit
323 2761 359 2827 is,
384 2761 435 2816 cni
454 2792 495 2802 —
517 2769 660 2817 occurant
680 2762 713 2830 ii,
738 2761 841 2837 quihus
866 2803 923 2818 ...
948 2780 1065 2818 consum
1088 2761 1161 2818 dicit
1180 2762 1217 2829 is,

147 2865 197 2920 cni
215 2897 258 2905 —
280 2872 418 2920 accusant
439 2865 477 2931 ii,
510 2865 637 2939 qni
665 2881 780 2921 oausam
804 2865 876 2921 dc'cit
896 2866 937 2934 ir,
970 2867 1020 2941 qui
1040 2898 1081 2906 —
1102 2866 1222 2941 dentone

145 2973 286 3023 occurant
305 2967 337 3034 ii,
363 2983 432 3040 qnos
457 3006 511 3020 ...
538 2984 653 3022 consum
677 2966 807 3036 dicitis,
829 2966 971 3042 'qaz'1⁰³).

231 3066 347 3129 Quibus
370 3087 436 3124 oum
459 3067 604 3142 exemplis
627 3086 666 3125 ex
688 3069 798 3128 nostris
818 3070 1002 3129 orationibus
1024 3070 1141 3144 singulo
1156 3075 1221 3129 ton·

145 3177 207 3230 tum
236 3169 332 3245 possis
361 3187 546 3244 comparare:
576 3170 640 3228 dico
671 3189 710 3228 ex
739 3190 781 3228 or.
805 3191 833 3246 p.
858 3173 924 3229 Dei.
947 3174 1014 3231 hab.
1038 3172 1110 3250 §15
1140 3176 1221 3231 curas

146 3273 224 3331 tanti
249 3272 367 3330 socieris
386 3270 487 3348 suerit
506 3305 549 3314 -
570 3275 653 3330 cuins
684 3282 780 3330 tontoe
803 3273 971 3347 ferocitatis
993 3308 1034 3318 -
1058 3278 1140 3332 caino
1163 3285 1221 3334 tom

146 3376 296 3433 inhumani
322 3384 352 3432 et
378 3377 492 3451 engrati
521 3377 612 3433 animi
640 3410 682 3419 —
798 3385 832 3433 nt
859 3378 929 3436 ioco
959 3381 1104 3449 omittam,
1138 3383 1222 3437 cuins

149 3480 226 3534 tonti
242 3477 364 3555 floronis
470 3480 500 3536 et
522 3477 728 3538 suavissimum
758 3478 843 3537 illum
872 3498 911 3537 ex
935 3481 1095 3555 Ligariana
1123 3481 1220 3540 looum

149 3577 241 3656 §332
263 3581 313 3649 ,Si
324 3580 479 3659 fraterne,
504 3583 533 3638 si
547 3583 608 3657 pic,
633 3584 662 3640 si
681 3601 743 3640 cnm
766 3583 866 3650 doloro
879 3581 1014 3660 fuciunt,
1041 3595 1172 3643 moocont
1194 3594 1221 3642 tc

219 3765 277 3828 103)
294 3767 417 3815 Nimirum
436 3770 483 3816 aliu
507 3770 574 3817 houd
596 3784 675 3830 pauca
699 3771 752 3819 eius
776 3771 874 3831 generis
897 3785 927 3818 ex
952 3772 1043 3819 nostris
1068 3771 1220 3820 orationibus

147 3853 242 3914 possint
254 3853 343 3900 offerri.
380 3855 418 3901 Cf.
438 3856 511 3902 etium
528 3856 651 3916 insignem
669 3857 737 3904 illam
756 3858 940 3919 epanaphoram
958 3859 1028 3904 Brut.
1041 3861 1099 3918 322,
1118 3858 1160 3905 ubi
1177 3856 1219 3902 de-

147 3940 196 3987 cies
209 3939 295 3986 eudem
308 3938 385 3986 verba
398 3945 541 4000 repetuntur
559 3958 641 4002 ,nomn
660 3943 702 4002 qni
713 3970 746 3979 —
758 3959 833 4001 acono,
848 3943 935 4002 91ιὶ-
946 3959 1022 4003 nemo,
1036 3945 1079 4003 qui
1095 3969 1128 3978 -
1145 3956 1219 3999 nomo,

142 4026 190 4084 ‚qni
205 4053 238 4062 --
255 4040 331 4086 onemo,
349 4025 392 4084 qui
407 4053 440 4061 -
456 4042 536 4086 nomo,
554 4031 597 4088 qni
612 4055 645 4065 -
662 4045 742 4088 nomo,
759 4029 803 4088 qui
820 4056 852 4064 —
869 4046 949 4088 nemo,
968 4031 1012 4089 qni
1027 4058 1060 4067 -
1078 4043 1156 4084 nomo,
1178 4029 1221 4086 qni

147 4137 181 4148 ——
197 4126 272 4170 nemo,
291 4111 344 4173 qui‘
363 4117 388 4160 et
404 4115 524 4174 exempla,
543 4130 605 4174 quae
623 4117 696 4164 affert
713 4116 807 4163 (tornis.
825 4117 841 4162 l.
857 4118 874 4166 l.
