2752 4620
600 271 793 336 ..7-

160 430 268 506 agendi
282 431 358 490 ratio
372 431 422 507 13)
438 434 615 506 opponatur,
638 429 723 507 quasi
746 447 866 486 necesse
881 431 928 486 est
942 432 1040 485 orator
1061 427 1118 484 hoc
1132 426 1232 486 verbis

159 533 248 592 etiam
268 532 463 593 familiaritati
485 531 563 607 aptis
585 532 742 608 exprimat.
786 531 923 588 Ceterum
950 528 1024 586 illud
1052 519 1090 585 ‘se'
1110 546 1230 604 unquam

156 633 288 710 posthoc'
301 635 350 712 14)
380 635 467 696 valde
496 634 637 693 addubito
667 654 738 692 num
763 633 827 691 iure
848 632 963 691 dicetur
983 631 1232 708 breviloquentia,

158 737 248 796 immo
279 757 351 798 vero
381 742 532 816 tamquam
561 735 728 795 cantilenae
757 735 908 794 cuiusdam
930 734 1026 810 prima
1047 734 1139 794 verba
1160 735 1231 791 affe-

159 845 275 898 runtur.

247 942 342 1001 Aliter
364 942 490 1001 forsitan
512 941 545 1000 in
567 962 608 1001 or.
630 962 659 1018 p.
677 939 870 1000 Deiotaro
892 941 975 1000 hab.
997 960 1046 1000 res
1068 960 1099 998 se
1121 941 1230 999 habere

157 1044 302 1116 videatur,
323 1064 389 1103 cum
409 1064 448 1103 ex
463 1046 518 1103 hac
538 1045 611 1104 haec
625 1045 686 1104 sint
708 1044 891 1102 adnotanda:
914 1042 931 1121 5
951 1047 988 1100 19
1012 1044 1172 1103 comiter
1195 1050 1231 1103 et

156 1147 322 1205 iucunde
337 1146 496 1206 fuisses:
519 1148 556 1207 cf.
572 1147 709 1220 Rebling,
733 1147 886 1219 „Versuch
901 1147 984 1204 einer
999 1146 1230 1205 characteristik

158 1250 210 1307 der
223 1254 296 1308 riim.
313 1249 616 1325 Umgangssprache“,
640 1249 709 1308 Kiel
729 1249 817 1321 1873,
841 1269 869 1325 p.
885 1249 911 1308 7.
930 1282 973 1291 —
996 1249 1089 1308 Valde
1105 1250 1228 1321 mireris,

156 1353 236 1429 quod
259 1351 330 1428 §21
364 1352 410 1409 Di
439 1356 477 1410 te
504 1352 704 1428 perduint,
735 1352 862 1427 fugitive
892 1357 923 1411 et
953 1349 1028 1428 §26
1060 1351 1230 1408 furcifer

155 1453 297 1530 scriptum
318 1454 445 1527 videtur,
468 1473 542 1533 quas
564 1456 636 1514 duas
657 1455 824 1514 locutiones
845 1455 899 1515 vix
920 1473 1041 1514 necesse
1063 1461 1109 1513 est
1129 1454 1229 1512 admo-

155 1573 226 1614 nere
249 1563 382 1632 sumptas
403 1576 467 1616 esse
483 1559 519 1616 de
536 1557 713 1617 comicorum
729 1576 872 1616 sermone.
896 1590 939 1600 —
961 1557 977 1635 5
995 1562 1034 1615 33
1058 1576 1228 1616 sermun-

155 1656 251 1717 culi:
282 1660 361 1737 qued
385 1659 603 1718 substantivum
632 1661 675 1719 sic
696 1660 729 1718 in
751 1659 857 1718 malam
878 1666 991 1735 partem
1016 1660 1160 1736 accipitur
1181 1678 1227 1733 ep.

154 1761 191 1817 ad
214 1763 276 1820 Ait.
291 1762 382 1831 XIII,
402 1764 450 1818 10.
473 1760 550 1818 Plin.
568 1781 614 1838 ep.
632 1763 666 1834 V,
684 1769 711 1833 8,
728 1767 757 1818 4.

240 1861 312 1920 (ium
329 1863 376 1920 his
391 1864 501 1935 confer,
526 1883 601 1942 quae
622 1863 654 1922 in
676 1864 783 1923 ceteris
805 1863 997 1935 orationibus,
1020 1883 1093 1942 quas
1108 1864 1228 1941 quidem

153 1965 190 2021 ad
213 1966 463 2040 comparationem
486 1966 626 2025 adhibere
649 1966 806 2039 voluimus,
828 1966 965 2040 inprimis
986 1965 1018 2023 in
1041 1964 1226 2040 Philippicis,

154 2073 274 2126 exstant
295 2068 439 2127 adnotatu
463 2068 615 2144 dignust)
638 2087 672 2127 ac

395 2254 417 2302 1.
453 2254 524 2308 Quae
540 2254 676 2316 uolgarem
692 2254 810 2303 redolent
828 2266 977 2302 sermonem.

238 2373 301 2432 llil.
319 2379 358 2431 60
381 2374 486 2434 Heus
507 2380 547 2434 tu
570 2375 687 2433 Rufio
710 2410 752 2418 -
775 2395 865 2437 cave
887 2378 940 2435 sis
962 2376 1225 2453 mentiareffi).

150 2511 355 2520 --——-—-

222 2593 265 2662 13)
283 2596 332 2643 ib.:
350 2595 386 2642 od
397 2603 563 2657 parentem
580 2598 615 2644 sic
632 2598 675 2656 api
690 2597 755 2644 solet.

222 2679 264 2747 14)
283 2683 352 2742 Quae
369 2683 461 2730 locutio
479 2683 578 2731 brevior
595 2685 670 2731 etiam
687 2687 725 2731 est
742 2697 815 2742 quam
833 2685 875 2742 qui
893 2699 924 2730 ox
941 2684 1041 2730 comicis
1053 2689 1225 2743 comparentur

150 2767 212 2814 loci:
240 2767 298 2814 Ter.
316 2768 415 2824 Phorm.
434 2770 460 2829 1,
479 2774 511 2828 2,
530 2773 579 2818 91:
604 2786 667 2817 uuae
684 2771 765 2817 cmc'tte
782 2771 861 2817 tanc:
886 2777 987 2817 ceterum
999 2770 1104 2830 posthac
1122 2771 1145 2815 si
1160 2772 1224 2828 quic-

151 2867 239 2912 quam,
265 2853 328 2899 nihil
339 2868 436 2914 precor.
471 2854 503 2901 id.
523 2855 588 2902 Eun.
606 2855 643 2913 V,
662 2858 693 2915 2,
714 2859 760 2904 13:
787 2871 860 2903 acam
883 2856 947 2903 lanc
963 2856 1061 2903 accrum
1079 2857 1176 2902 credie:
1202 2857 1226 2904 si

148 2937 225 2984 elsam
241 2937 361 2986 amisero
378 2954 491 2998 aequom,
509 2940 619 2987 occidito.

220 3023 263 3088 16)
281 3025 351 3084 Quae
363 3027 468 3087 primum
481 3027 597 3075 constitui
609 3044 658 3076 non
671 3031 844 3088 grammaticas
861 3035 958 3077 secutus
976 3029 1084 3077 rationes
1102 3029 1222 3088 digerere,

151 3110 195 3156 sed
220 3111 332 3170 singulas
356 3112 472 3173 deinceps
497 3127 644 3173 percurrens
672 3117 841 3176 paragraphos
870 3116 1001 3164 adnotare:
1032 3115 1097 3174 quod
1124 3115 1223 3173 quidem

148 3196 229 3256 magis
247 3213 260 3244 e
278 3212 305 3245 re
323 3199 455 3246 videbatur
473 3215 543 3260 esse,
562 3216 617 3248 cum
635 3216 684 3249 non
703 3203 886 3262 grammaticae,
905 3203 948 3250 sed
966 3200 1103 3249 rhetoricae
1121 3215 1222 3261 operam

149 3281 233 3330 darem
250 3285 324 3344 idque
347 3285 460 3345 inprimis
486 3292 551 3334 esset
568 3288 728 3347 studendum,
755 3294 781 3335 ut
799 3288 921 3348 quomodo
939 3289 1035 3336 animos
1053 3292 1151 3334 nostros
1169 3285 1221 3332 affi-

148 3374 215 3415 ceret
241 3371 386 3418 elocutionis
411 3386 489 3431 genus
514 3378 640 3432 tamquam
657 3375 735 3422 oculis
754 3389 854 3422 cernere
872 3389 1008 3434 possemus.
1043 3373 1108 3419 Dein
1127 3370 1221 3417 mutavi

150 3457 280 3504 consilium
305 3471 406 3505 suasore
430 3457 542 3518 inprimis
567 3460 736 3520 Kiesslingio,
764 3476 820 3508 cum
844 3461 1021 3508 intellexissem
1040 3459 1129 3506 multas
1147 3473 1221 3519 saepe

149 3542 320 3590 adnotationes
337 3543 397 3590 mihi
416 3544 469 3591 fore
487 3546 640 3605 repetendas.
677 3546 744 3605 Ergo
757 3561 820 3606 quae
837 3547 978 3593 invenimus
997 3550 1133 3592 memoratu
1145 3545 1221 3603 digna

147 3626 174 3673 in
192 3628 310 3687 quasdam
335 3629 466 3676 maluimus
490 3629 636 3678 distribuere
661 3633 768 3689 classes,
788 3613 820 3678 ‘in
845 3631 934 3690 quibus
957 3631 1133 3678 constituendis
1160 3645 1221 3689 quas

148 3725 224 3772 supra
241 3715 295 3773 μδ
317 3714 465 3773 protulimus
482 3716 591 3763 rationes
609 3731 654 3763 ncs
672 3718 804 3764 duxerunt.
838 3719 907 3764 Intra
929 3719 997 3778 ipsos
1019 3732 1080 3764 vero
1104 3717 1219 3764 classium

146 3798 208 3845 fines
226 3799 380 3858 singularum
398 3801 538 3848 orationum
555 3802 667 3861 singulas
685 3803 801 3863 deinceps
819 3804 1024 3863 perlustravimus
1049 3802 1219 3862 paragraphos

147 3883 259 3931 adhibita
276 3886 349 3932 modo
368 3900 441 3944 quam
458 3901 504 3946 par
522 3893 559 3934 est
576 3888 682 3934 licentia.

217 3968 259 4032 16)
277 3970 316 4017 De
334 3971 382 4019 sis
400 3974 490 4020 vocula
507 3988 552 4034 pro
571 3974 592 4020 si
610 3974 649 4020 vis
667 3975 724 4022 vide
742 3975 833 4024 Hellm.
853 3978 868 4038 ξ
889 3981 929 4025 70.
965 3979 1054 4025 Heus
1072 3977 1216 4031 interiectio,

146 4068 209 4114 qnae
226 4056 252 4102 in
271 4056 398 4106 Ciceronis
416 4062 487 4106 orott.
505 4060 552 4106 hoo
570 4065 664 4106 tantum
682 4061 736 4107 loco
754 4063 912 4122 conspicitur,
932 4065 1040 4111 serinoni
1059 4062 1156 4121 volgari
1175 4064 1215 4107 de-

144 4140 199 4189 beri
218 4141 331 4190 videtur:
359 4143 391 4191 oi.
410 4146 478 4193 locos
496 4144 528 4193 ab
545 4145 643 4194 Handio
663 4146 734 4194 Ture.
752 4147 801 4207 ΠΙ,
821 4162 845 4208 p.
860 4151 906 4208 12,
926 4153 940 4198 i
967 4151 1054 4197 allatos
1072 4157 1096 4198 et
1114 4148 1216 4207 Quintil.
