2752 4620
369 1029 594 1102 Sententiae
621 1036 904 1107 controversae.

177 1371 202 1428 Ι.
226 1370 286 1427 (lic.
310 1369 345 1426 de
367 1369 440 1428 finn.
461 1370 509 1443 H,
534 1375 624 1444 a,10
654 1392 809 1449 perperam
832 1376 862 1435 0.
879 1376 913 1436 F.
929 1377 977 1436 W.
994 1379 1104 1438 Miiller
1126 1399 1176 1438 co-

230 1472 304 1531 dicis
326 1471 390 1532 Pel.
406 1477 443 1532 A.
458 1472 616 1534 lectionem
639 1481 711 1548 ,tum
735 1496 799 1536 esse
823 1479 853 1536 in
875 1488 958 1539 motu
980 1481 1175 1557 voluptatem,

224 1593 313 1647 quac
334 1572 426 1664 [qap]
454 1576 544 1636 faciat
571 1578 746 1639 varietatem
774 1581 973 1657 voluptatum‘
1001 1583 1032 1641 in
1055 1589 1173 1645 textum

223 1679 353 1750 reduxit,
375 1697 465 1758 quam
488 1679 558 1738 olim
581 1682 728 1743 Davesius
751 1687 831 1742 recte
854 1685 982 1744 mutavit
1003 1685 1035 1743 in
1058 1687 1131 1766 ‚qui‘
1155 1707 1173 1745 a

225 1781 376 1857 Madvigio
397 1787 502 1856 posteo
524 1783 650 1863 aliisque
672 1785 826 1861 probatus.

162 1887 200 1945 11.
223 1885 283 1944 cic.
305 1885 382 1958 legg.
406 1883 465 1957 111,
490 1889 517 1957 3,
544 1887 559 1942 7
583 1886 741 1959 legendum
764 1896 852 1963 puto:
881 1895 1039 1968 ,suntoque
1062 1890 1174 1950 aediles

294 1990 387 2066 isque
409 1988 446 2045 cd
468 1987 591 2047 honoris
613 1988 767 2064 amplioris
790 1992 912 2065 gradum
935 1992 1048 2067 primns
1071 2012 1173 2052 escen-

224 2111 274 2149 sus
296 2094 380 2150 esto!
423 2089 525 2166 (Oodd.
549 2090 675 2170 ollisque
771 2092 798 2150 is
892 2113 1031 2153 ascensus
1053 2094 1140 2171 estc.)

144 2193 202 2252 III.
226 2193 286 2252 Cic.
302 2192 380 2250 Phil.
396 2192 438 2264 H,
456 2198 496 2250 64
519 2192 723 2252 Hellmuthins
745 2194 763 2252 l.
775 2194 795 2252 l.
817 2214 973 2271 perperam
996 2195 1028 2254 in
1046 2197 1173 2254 eundem

225 2294 305 2369 cogit
325 2295 423 2352 locum
446 2313 479 2352 ac
502 2294 538 2353 R.
555 2295 586 2352 Ο.
602 2295 638 2352 17
664 2301 773 2370 ,potest
794 2296 851 2354 hoc
872 2297 987 2355 homini
1010 2297 1081 2356 huic
1102 2298 1174 2356 hae·

224 2414 290 2454 rere
311 2398 484 2471 peccatum‘.
522 2396 597 2454 Sest.
616 2401 655 2452 62
679 2396 825 2468 ,haereret
839 2397 892 2455 illa
906 2399 1100 2459 nihilominus
1115 2399 1174 2459 rei-

224 2498 361 2576 publicae
390 2497 563 2573 turpitudo‘.
607 2499 702 2556 Immo
724 2518 796 2558 vero
820 2505 922 2559 nostro
944 2501 1009 2560 loco
1034 2502 1117 2582 quasi
1141 2503 1174 2560 in

225 2622 318 2661 unum
338 2601 477 2674 verbum,
509 2605 588 2660 certe
610 2601 642 2660 in
665 2620 753 2660 unam
776 2602 929 2661 notionem
952 2604 1081 2664 conflata
1104 2609 1175 2663 sunt

225 2706 346 2780 ‚infixus
367 2705 480 2764 haeret‘
501 2731 545 2756 =
566 2705 671 2777 ‚bleibt
693 2705 895 2781 eingeheltet‘.

147 2811 202 2870 IV.
224 2811 284 2869 Oic.
306 2828 335 2885 p.
354 2810 445 2867 Mero.
466 2813 505 2866 23
529 2828 682 2884 propono:
704 2808 745 2880 ,Si
766 2828 838 2868 vero
861 2810 898 2868 ad
921 2810 1066 2868 humanos
1089 2828 1173 2868 cesus

289 2911 409 2970 sceleris
431 2911 519 2970 etiam
543 2912 663 2970 accedat
685 2910 859 2970 insidiarum
883 2914 968 2989 (trad.
985 2911 1173 2972 insidiarum·

226 3011 296 3094 que)
319 3012 501 3073 consensio‘:
524 3018 558 3072 ut
579 3011 699 3071 sceleris
721 3031 776 3087 pro
800 3014 965 3075 subiectivo
990 3015 1040 3093 qui
1057 3015 1173 3088 dicitur,

225 3113 412 3175 insidiarnm‘
421 3135 476 3194 pro
492 3115 639 3174 obiectivo
663 3115 802 3190 genetivo
825 3117 978 3178 habeatur.
1023 3117 1067 3174 De
1084 3116 1174 3176 collo·

225 3219 341 3279 catione
371 3218 577 3294 genetivorum
606 3219 644 3278 cf.
667 3219 797 3295 Madvig.
827 3223 863 3278 ad
893 3221 951 3279 Cic.
975 3218 1046 3278 finn.
1068 3221 1098 3291 Ι,
1119 3223 1173 3292 14;

226 3323 341 3398 Zumpt.
364 3323 400 3383 ad
423 3321 508 3380 Verr.
531 3320 566 3392 V,
587 3325 655 3379 132.

164 3425 198 3484 V.
222 3424 310 3485 Dion.
334 3423 403 3483 Hal.
426 3427 499 3484 vett.
523 3424 636 3498 scripti.
660 3443 741 3485 cens.
757 3431 792 3484 11
817 3425 907 3500 vulgo
930 3418 1172 3502 legumento·

226 3524 317 3603 πίδης
344 3523 397 3602 μέν
420 3518 446 3605 γ’
468 3515 506 3588 οὗ
529 3517 561 3584 ια’
586 3519 656 3584 ὅλον
679 3518 790 3604 elladio
819 3522 870 3585 καὶ
893 3519 1032 3604 προσεχὲς
1053 3527 1093 3607 τῷ
1116 3525 1172 3609 βίῳ

227 3629 267 3711 τῷ
289 3629 345 3686 νῦν
366 3621 479 3708 ἤρεσεν.
524 3628 632 3688 Procul
655 3630 744 3688 dubio
767 3628 842 3688 illud
865 3621 902 3688 οὐ
923 3629 955 3686 in
979 3613 1034 3687 οὖν
1056 3634 1172 3686 muten-

227 3733 297 3791 dum
320 3737 373 3792 est.

153 3839 204 3897 Vl.
229 3838 317 3916 Apud
341 3836 428 3894 eund.
452 3835 522 3913 Lys.
541 3835 601 3893 iud.
622 3838 658 3890 14
681 3852 709 3908 p.
729 3836 789 3888 240
804 3832 840 3890 R.
863 3832 1060 3908 Theophrasti
1082 3834 1174 3892 verba

228 3945 270 4003 sic
292 3941 378 4016 lego:
408 3931 480 3996 dccv
508 3937 550 4019 spi
572 3928 653 4018 αὐτῷ
681 3927 716 3993 cd
740 3929 857 3992 ἐναντία
879 3926 901 4009 ἢ
921 3933 993 4006 τοῖς
1016 3925 1174 4006 ἐναντίοις

226 4040 265 4110 τὸ
288 4033 366 4107 αὐτὸ
389 4042 492 4121 (vulgo
515 4040 558 4125 τῷ
580 4037 701 4122 ἐναντίῳ
724 4030 760 4096 rol
783 4028 874 4116 αὐτοὶ)
903 4029 923 4114 ’l
946 4039 1007 4107 τοῖς
1031 4034 1174 4108 ἐναντίοις
