2752 4620
573 226 787 292 -4q-

143 382 234 441 uilem
264 381 343 444 viem
371 382 514 444 inveniet.
559 383 636 442 Nem
666 402 732 442 oum
762 384 841 458 epud
863 383 1035 443 Ciceronem
1064 387 1137 441 oret.
1160 387 1217 441 150

143 485 215 545 haec
241 484 451 546 invenientur:
483 487 580 560 ‚Quod
601 485 710 560 quedem
735 485 872 542 Latina
896 486 908 542 l
914 486 926 543 i
932 504 950 543 n
956 504 1029 561 gua
1057 487 1101 543 eie
1124 484 1219 542 obser-

142 597 206 656 eat,
236 607 317 646 nemo
341 596 372 645 ut
395 597 452 644 tam
481 589 609 645 rusticus
631 589 687 657 sit,
722 589 774 664 qui
795 587 908 645 uocales
937 588 1011 645 nolit
1033 589 1219 663 coniungere‘

143 691 338 750 stibium
360 699 451 750 extu:
477 690 550 760 ,Sed
571 690 679 748 Graeci
700 690 840 747 uiderent:
864 688 947 747 notis
969 709 1004 747 ne
1024 692 1053 747 si
1073 692 1220 765 cupiamus

143 793 270 873 quedem,
295 794 459 851 distrahere
481 813 563 851 uoces
585 794 764 851 conceditur‘
789 797 906 852 etcum
929 792 1103 868 praesertim
1126 791 1220 855 Quin-

144 892 268 954 tilianus
295 896 372 954 hene
400 900 515 972 portem
545 896 578 954 in
600 915 636 954 eo
659 915 779 974 quoque
808 893 938 969 attinget
959 893 1057 971 capite
1085 895 1160 970 (XI,
1179 895 1221 973 3),

144 997 196 1054 ubi
221 998 258 1055 de
279 998 524 1074 pronuntiatione
546 999 645 1074 egitur
673 998 781 1078 hisque
802 1001 903 1056 utatur
923 997 1024 1058 verbis
1053 995 1081 1072 (ἕ
1100 995 1221 1078 ³3i³4)²

145 1100 292 1168 ‚Briseida
316 1121 383 1158 uero
400 1104 458 1158 erit
475 1104 679 1178 pronuntiatio
698 1103 835 1178 primum,
860 1103 888 1157 si
902 1100 987 1158 uerba
1005 1109 1066 1158 tota
1083 1103 1218 1170 exierint,

143 1220 262 1278 quorum
282 1222 355 1279 pars
377 1203 530 1274 moerent,
554 1223 628 1280 pars
649 1205 770 1261 destitui
788 1203 880 1272 solet,
909 1203 1057 1280 plerisque
1078 1212 1220 1261 entremns

143 1303 273 1377 syllabas
294 1327 350 1364 reon
369 1305 602 1384 perferentibus,
637 1307 701 1363 dum
721 1308 853 1382 priorum
876 1325 945 1363 sono
977 1307 1135 1381 indulgent.
1185 1307 1221 1364 Ut

141 1415 185 1461 est
206 1415 299 1465 autem
322 1411 486 1467 necessaria
510 1407 658 1466 uerborum
681 1409 867 1485 explanatio.-
901 1411 942 1465 ita
965 1427 1059 1465 omnes
1082 1410 1222 1485 imputare

142 1516 170 1563 et
198 1509 274 1567 velm
304 1529 494 1568 annumerare
525 1511 638 1569 litterar
661 1511 806 1568 molestum
836 1521 866 1567 et
892 1510 1035 1568 adrasum:
1071 1511 1154 1567 Nam
1185 1521 1221 1568 et

143 1613 295 1669 vocales
326 1612 646 1692 frequentissime
687 1622 823 1670 eoeunt
862 1622 896 1669 et
932 1616 1218 1670 eorrsanuntium

65 1719 69 1724 '
143 1716 321 1788 quaedam
345 1716 569 1792 insequente
590 1716 720 1773 uoeuii
739 1715 1019 1773 dissimulatur.
1070 1715 1221 1790 Utriusque

145 1817 305 1891 eaemplum
325 1820 491 1894 postremus.-

479 1913 738 2008 ‚Multaniiltfer
761 1939 881 1995 terrt'ss‘

143 2036 209 2096 luce
231 2038 266 2099 fit
288 2039 393 2099 alerius
419 2040 533 2101 hictum
562 2047 614 2101 eut
635 2042 730 2102 vitare
760 2047 812 2101 eut
834 2042 970 2100 adamare
993 2041 1071 2116 apud
1093 2041 1217 2100 Latinos

144 2141 263 2218 quidem
287 2148 418 2203 oratores
437 2162 497 2202 non
520 2149 580 2204 tem
603 2149 667 2203 eret
687 2143 910 2220 compositionis
933 2162 1021 2222 quem
1044 2144 1221 2219 pronuntie-

143 2242 235 2301 tionis
257 2250 287 2303 et
309 2245 460 2306 Ciceronis
487 2247 569 2305 illem
599 2247 708 2320 legem,
739 2247 947 2324 quamprimo
970 2245 1123 2304 attulimus
1145 2245 1219 2318 loco,

143 2346 281 2404 universe
303 2347 336 2404 in
358 2355 505 2409 oratorem
527 2356 649 2410 tenuem
679 2350 796 2410 sivein
820 2350 884 2408 eius
908 2345 991 2407 idion
1014 2367 1069 2407 nee
1091 2367 1163 2409 vero
1187 2349 1219 2406 in

145 2447 309 2507 Romanum
327 2458 446 2511 tenuem
463 2459 611 2512 oratorem
628 2453 743 2512 velere:
766 2471 853 2532 quern
872 2453 991 2532 quidem
1008 2451 1105 2528 legem
1123 2458 1219 2512 treus·

144 2551 214 2609 tulit
236 2570 275 2610 ex
297 2552 409 2614 Graeco
431 2556 527 2615 tonte.

228 2654 315 2713 Hunc
343 2657 436 2731 igitur
465 2675 527 2715 rem
550 2662 653 2717 nostro
681 2658 746 2716 iure
775 2660 893 2715 missum
915 2656 1068 2716 faciemus.
1115 2658 1218 2715 Relin-

145 2755 255 2834 quitur,
278 2758 365 2817 utin
387 2778 541 2816 numerum
563 2759 766 2836 inquiremus:
789 2759 872 2817 euius
894 2778 960 2817 eum
982 2759 1089 2819 divisio
1106 2759 1219 2834 duplex

145 2859 198 2930 sit,
232 2859 345 2918 scilicet
373 2861 404 2917 in
428 2860 627 2917 membrorum
655 2857 786 2935 (sivein
810 2863 987 2919 structurum
1016 2859 1217 2940 periodorum)

145 2966 176 3017 et
202 2962 234 3017 in
256 2962 414 3019 verborum
443 2979 616 3033 numerum,
647 2981 749 3020 rursus
779 2960 980 3020 confitendum
1010 2971 1055 3023 est
1083 2962 1217 3037 alterum,

145 3080 184 3120 sc.
202 3064 401 3122 membrorum
424 3083 579 3123 numerum
601 3064 650 3122 hic
672 3084 733 3123 non
755 3083 842 3140 posse
858 3065 974 3140 respici.
1018 3066 1145 3124 Nem‘in
1162 3068 1218 3127 heo

146 3166 338 3242 disceptanda
359 3174 444 3243 perte
467 3187 554 3226 omne
574 3169 799 3228 fundumentum
822 3167 895 3227 setis
924 3166 1041 3244 firmum
1072 3169 1145 3226 mihi
1168 3171 1218 3227 de-

145 3275 238 3329 esset:
271 3271 306 3329 de
329 3271 478 3331 rhetorice
499 3272 577 3330 enim
607 3271 794 3347 periodorum
820 3277 968 3330 structure
989 3276 1083 3329 —et
1106 3272 1218 3330 dehac

145 3373 207 3431 sole
228 3373 278 3432 hio
300 3374 348 3448 egi
370 3374 560 3434 menifestum
584 3381 629 3434 est
650 3408 692 3417 -
714 3394 792 3435 unus
814 3375 911 3432 adhuc
933 3378 1043 3445 exstet,
1074 3376 1218 3452 quantum

146 3475 282 3551 equidem
307 3477 385 3549 scio,
404 3477 488 3536 utilis
511 3477 631 3536 libellus
654 3475 931 3552 Bernhardti¹³¹)‚
955 3475 1007 3554 qui
1030 3475 1217 3534 inscribitur:

145 3576 270 3650 ,Begriff
289 3580 349 3636 und
374 3579 552 3639 Grundform
577 3583 630 3639 der
652 3580 858 3655 griechischen
881 3578 1016 3636 Periode‘
1038 3577 1218 3636 Wiesbeden

149 3680 239 3737 1854.
286 3679 352 3742 Quo
374 3701 412 3739 ex
435 3683 683 3741 commentatione
705 3679 958 3756 praestantissime
980 3698 1157 3759 quemquam
1173 3685 1219 3740 set

215 3915 276 3983 131)
293 3919 368 3966 Huud
385 3919 472 3978 ignoro
491 3933 553 3978 quae
567 3923 623 3966 ente
635 3918 826 3965 Bernlmrdtium
839 3917 968 3965 Dissenius
986 3917 1102 3966 disseruit
1118 3918 1143 3964 in
1160 3931 1216 3976 pro·

144 4005 289 4065 lingonenis,
308 4019 370 4063 quse
388 4005 515 4066 praemisit
533 4004 894 4053 editioniDemosthenieaede
907 4003 1128 4052 commorationis
1147 3999 1217 4066 (Get

144 4090 204 4150 ting.
225 4087 309 4157 luet).
