2752 4620
587 243 800 308 ..50-

236 399 400 469 tantum,
434 407 629 476 quantum3
661 407 697 458 et
726 399 749 458 si
853 418 929 473 eos,
960 401 1040 480 qui;
1071 410 1106 463 et
1128 404 1152 463 si

156 502 228 573 eis,
251 501 322 579 qui.

241 604 297 662 nst
318 607 416 661 sutem
440 602 535 679 prima
556 603 695 680 periodus
718 595 915 681 τετράκωλος,
947 624 1023 684 quae
1045 625 1110 666 eum
1133 613 1231 667 extre·

154 725 234 764 mum
257 706 420 764 membrum
443 705 543 764 omnia
565 705 772 766 antecedentia
793 706 981 783 longitudine
1004 714 1139 785 superet,
1168 710 1230 769 for-

155 828 232 867 mam
255 805 384 885 παρίσου
408 806 515 866 efficit:
547 808 618 867 item
642 808 734 868 altera
757 813 787 868 et
809 809 899 869 tertia
920 810 1077 885 periodus,
1106 831 1230 890 quarum

154 915 281 989 utraque
303 906 427 978 dirutos
449 918 495 970 est
516 911 593 969 bene
616 911 750 985 formata,
774 911 910 972 efficiunt
932 896 1086 989 πάρισον(
1116 914 1174 973 Sed
1197 919 1231 972 ut

155 1013 244 1089 plane
275 1012 452 1089 perspieias‚
485 1032 574 1091 quam
603 1014 780 1089 patefactam
802 1015 973 1075 adhibuerit
995 1021 1089 1074 artem
1111 1015 1230 1089 artifex,

43 1173 44 1176 ,
155 1118 211 1175 hoo
235 1115 378 1174 subiciam
402 1117 535 1187 sehema,
558 1115 590 1183 in
614 1135 673 1194 quo
696 1116 792 1192 prima
813 1116 954 1192 periodus
976 1137 1031 1193 per
1053 1117 1182 1178 litteram
1204 1136 1229 1191 a,

153 1219 217 1277 eius
239 1219 322 1295 prius
344 1237 398 1294 par
418 1238 473 1294 per
495 1239 524 1288 α,
547 1218 695 1294 posterius
717 1237 771 1294 per
792 1216 822 1293 β,
845 1219 939 1279 altera
960 1220 1101 1296 periodus
1122 1239 1176 1299 per
1197 1222 1226 1293 b,

153 1321 243 1380 tertia
271 1339 326 1396 per
356 1340 387 1394 o,
418 1322 524 1379 harum
555 1321 679 1380 duarum
709 1321 897 1396 periodorum
927 1322 1099 1398 complexus
1127 1324 1228 1401 perB

152 1423 350 1498 significatur:

595 1669 602 1706 ε
646 1649 754 1707 b==o
797 1675 840 1698 =
855 1653 873 1706 2
887 1670 896 1708 z
909 1652 936 1706 3.

278 1744 328 1826 §3
363 1751 483 1828 „Atque
511 1753 602 1809 illud
630 1749 766 1826 inprimis
788 1750 861 1808 mihi
884 1749 1052 1809 laetandum
1075 1749 1139 1807 iure
1162 1767 1227 1807 esse

214 1850 329 1922 „video,
350 1844 356 1931 Ι
375 1852 455 1930 quod
484 1852 516 1910 in
538 1852 594 1911 hae
615 1851 736 1911 insolita
762 1852 835 1910 mihi
865 1872 904 1911 ex
933 1853 990 1911 hoe
1018 1851 1083 1910 loeo
1110 1851 1227 1910 ratione

212 1952 349 2026 „dieendi
372 1972 460 2014 oausa
480 1956 562 2015 talis
583 1953 681 2014 oblata
696 1958 750 2027 est,
770 1953 775 2034 Ι
794 1955 825 2012 in
850 1975 909 2035 qua
931 1955 1025 2015 oratio
1049 1956 1152 2013 deesse
1174 1973 1225 2012 ne-

212 2055 305 2128 „mini
328 2055 450 2131 possit.“
466 2050 478 2138 ΙΙ

148 2158 204 2239 Est
228 2157 366 2230 distortor,
389 2157 473 2217 euius
494 2157 656 2218 ineisiones
678 2159 811 2235 insignes
832 2158 929 2219 faetae
952 2165 1021 2220 sunt
1042 2160 1099 2218 hoo
1121 2159 1225 2217 modo:

148 2259 261 2332 illud;
283 2259 383 2321 talis.

234 2362 375 2441 Sequitur
397 2367 602 2437 argumentum
619 2363 761 2423 orationis
784 2365 898 2424 duobus
920 2362 969 2424 vel
991 2365 1087 2423 tribus
1103 2381 1224 2440 expres·

150 2485 213 2524 sum
237 2464 402 2524 enuntiatis
423 2465 503 2523 haud
526 2484 683 2524 numerose
704 2465 864 2526 institutis:

277 2565 461 2640 „Dicendum
484 2572 530 2627 est
552 2568 630 2627 euim
654 2568 690 2626 de
712 2569 764 2627 On.
787 2568 911 2645 Pompei
934 2568 1077 2644 singulari
1100 2567 1223 2627 eximia·

212 2689 291 2751 „que
312 2670 439 2731 virtute:
466 2670 556 2730 huius
578 2676 677 2731 autem
701 2671 843 2733 orationis
867 2671 1019 2732 difficilius
1041 2675 1087 2730 est
1108 2671 1221 2729 exitum

212 2792 320 2853 „quam
342 2774 524 2851 prinoipium
540 2775 685 2835 invenire.
729 2777 778 2836 Ita
792 2776 865 2835 mihi
881 2781 1017 2836 nontam
1033 2775 1118 2854 eopia
1133 2792 1222 2853 quam

212 2877 336 2948 „modus
357 2875 389 2933 in
413 2876 537 2936 dicendo
560 2878 748 2956 quaerendus
772 2882 845 2938 est.“

148 2977 253 3036 Statim
282 2984 382 3037 autem
409 2979 609 3039 narrationem
638 2981 790 3056 ingressus
819 2981 977 3057 eomplexu
1006 2980 1101 3040 utitur
1123 2983 1223 3038 orator

148 3080 271 3138 duarum
294 3079 497 3155 periodorum,
520 3101 645 3160 quarum
668 3083 761 3143 altera
783 3087 828 3142 est
850 3080 992 3155 distortor,
1016 3085 1110 3145 altera
1131 3078 1221 3160 μονό-

147 3183 242 3252 κωλος
255 3181 342 3260 1⁸⁴):
1198 3237 1207 3250 .

275 3282 328 3364 §4
351 3287 471 3365 „Atque
493 3293 533 3346 ut
554 3287 643 3347 inde
666 3287 760 3347 oratio
783 3306 849 3347 mea
870 3282 1220 3370 profieisootur,1unde

209 3388 302 3461 „haee
324 3389 419 3447 omnis
441 3389 529 3447 eausa
551 3389 676 3463 duoitur,
697 3387 701 3472 Ι
721 3390 831 3449 bellurn
854 3408 944 3464 grave
965 3395 997 3449 et
1018 3390 1219 3466 periculosum

211 3490 338 3563 „vestris
360 3491 556 3567 vestigalibus
579 3512 613 3552 ae
627 3493 716 3553 soeiis
738 3493 884 3552 aduobus
906 3491 1121 3568 potentissimis
1142 3494 1221 3570 regi-

210 3593 285 3666 „bus
305 3594 449 3666 infertur,
472 3594 647 3654 Mithridate
670 3600 700 3656 et
722 3595 858 3670 tigrane,
875 3588 887 3678 ΙΙ
903 3613 1029 3673 quorum
1052 3595 1153 3655 alter
1173 3614 1220 3655 re-

209 3694 317 3768 „lietus
336 3692 340 3776 Ι
360 3697 460 3756 alter
480 3697 634 3759 luoessitus
654 3694 659 3779 Ι
679 3697 863 3757 ooeasionem
885 3696 942 3757 sibi
965 3697 1001 3755 ad
1017 3699 1217 3775 ooeupandam

211 3796 332 3871 „Asiam
353 3799 483 3859 oblatam
505 3820 570 3861 esse
592 3802 802 3861 arbitrantur.“

146 3901 220 3961 Tum
249 3905 354 3977 utpote
376 3903 428 3981 qui
448 3905 656 3979 referentium,
687 3925 747 3965 non
780 3904 910 3964 oratorie
936 3922 1101 3963 sermonem
1117 3898 1218 3962 'exor-

216 4103 276 4173 ret)
294 4108 326 4156 of.
345 4106 535 4156 Bernhardtium
553 4110 597 4156 1.1.
616 4123 641 4171 p.
658 4112 697 4157 11.
