2752 4620
596 244 809 309 ...68-

160 395 280 454 uulnera
304 399 433 456 sananda
455 408 531 456 sunt.
579 399 594 478 5
616 405 653 458 25
678 412 710 458 nt
723 401 915 480 socrrdanentu
937 403 1075 474 nondum,
1102 424 1173 482 quae
1194 425 1241 462 co·

156 503 248 576 gitas,
274 501 384 558 seceris.
431 498 448 578 §
468 500 507 559 37
522 504 641 577 patriae
657 504 734 580 quod
751 502 833 561 debes
850 505 981 562 solveris.
1028 506 1067 565 ib.
1086 508 1133 564 bic
1148 517 1242 565 restat

158 610 251 659 uetus.
298 600 371 680 §28
394 602 453 659 uita
477 620 560 679 quom
580 606 738 679 posteritas
760 607 829 663 olet.
877 603 893 683 5
914 611 953 663 29
977 609 1038 664 nisi
1058 608 1128 666 beili
1147 611 1241 667 cubilis

160 705 319 762 incendium
341 703 435 761 salute
453 706 572 780 patriae
594 709 778 765 reatinaerrs.
822 709 864 767 ib.
889 709 1043 784 vagabitur
1065 711 1146 769 modo
1163 720 1240 769 tuum

159 825 258 864 nomen
288 806 376 882 ionga
399 814 484 882 utque
507 806 581 878 iate,
617 809 707 865 sedem
730 807 861 867 stabilem
884 820 914 869 et
934 811 1109 870 domicilium
1133 823 1239 871 certum

159 929 216 967 non
238 906 359 966 babebit.
406 906 478 986 530
509 918 543 966 ut
563 919 629 968 tuas
658 911 756 968 laudes
786 912 976 970 obscuratura
1006 915 1087 973 niella
1118 934 1239 993 unquam

158 1015 199 1070 sit
229 1010 345 1070 obliuio.
392 1008 463 1088 531
500 1013 552 1088 qui
573 1053 580 1068 .
603 1053 637 1069 ..
663 1014 788 1070 animum
823 1023 916 1073 tamen
949 1018 1054 1075 retinet
1085 1031 1239 1078 armatum.

159 1114 231 1194 533
262 1115 403 1172 munimus
434 1113 489 1172 tibi
513 1117 629 1190 gratias
660 1117 790 1191 agimus,
823 1120 947 1175 maiores
979 1121 1062 1176 ettam
1094 1120 1238 1180 babemus.

159 1217 234 1297 §34
257 1219 400 1275 munimus
422 1216 476 1273 boc
499 1225 547 1274 tuo
560 1216 649 1295 sacto
672 1219 800 1276 eumenius
823 1221 1074 1299 accesserz't1⁶⁰).

158 1302 161 1307 ¹
255 1318 351 1379 Multo
381 1318 529 1394 conspicis
559 1319 659 1395 plures
689 1321 844 1400 multoque
871 1323 1045 1383 audaciores
1074 1330 1105 1385 et
1134 1327 1239 1406 exqui-

160 1424 279 1484 sitiores
302 1428 404 1496 tropos
427 1439 515 1500 quam
538 1421 570 1478 in
592 1420 753 1495 Ligariana
775 1430 806 1482 et
827 1443 869 1482 or.
892 1444 922 1501 p.
946 1425 1044 1486 Deict.
1066 1427 1137 1486 hab.
1182 1433 1237 1487 At-

159 1533 258 1585 tamen
288 1545 341 1600 pro
364 1523 522 1600 epidictico
554 1543 662 1600 genere
685 1526 799 1585 modice
825 1529 899 1586 adeo
922 1532 1069 1588 oratorem
1092 1531 1237 1607 tropicam

160 1629 319 1690 dictionem
349 1626 519 1685 adhibuisse
550 1628 676 1687 fortasse
710 1629 870 1688 concedes:
907 1630 1065 1691 dummodo
1096 1635 1238 1712 quosdam

160 1739 278 1809 tropos,
302 1751 378 1811 quos
401 1748 491 1806 supra
513 1728 589 1806 (cap.
605 1731 649 1806 ΙΙ)
672 1749 711 1788 ex
733 1730 800 1790 aliis
822 1732 1008 1792 orationibus
1030 1736 1238 1810 congessimus,

112 1827 115 1834 ’
160 1835 303 1894 memoria
324 1839 435 1892 teneas.
482 1833 628 1912 Equidem
650 1832 700 1892 hic
722 1852 871 1908 perpauca
894 1839 1009 1894 tantum
1033 1838 1171 1914 exempla
1195 1841 1238 1898 af-

158 1939 268 2010 feram,
301 1956 376 2017 quae
399 1956 465 1995 cum
488 1936 542 2008 iis,
566 1936 675 2015 quibus
696 1936 728 1993 in
752 1941 854 1995 nostra
876 1937 1011 1997 oratione
1032 1940 1120 1999 facile
1144 1943 1238 2000 offen-

160 2041 256 2111 daris,
287 2045 457 2114 comparata
485 2057 539 2096 nec
566 2039 666 2096 minus
688 2044 719 2097 et
741 2038 835 2114 magis
857 2039 1050 2100 inveniantur
1072 2043 1239 2122 exquisita:

160 2161 225 2200 cum
249 2141 265 2221 5
287 2147 323 2199 10
346 2140 436 2199 velim
452 2141 587 2200 conferas
602 2140 738 2214 Phil.‘II,
760 2140 806 2200 17.
823 2145 872 2200 33.
894 2147 988 2212 XIV,
1002 2150 1033 2202 6.
1077 2145 1150 2203 Cum
1166 2147 1238 2205 duo-

159 2249 215 2306 bus
230 2245 290 2305 illis
305 2244 458 2323 oxymorie
474 2263 550 2323 quae
572 2244 713 2320 leguntur
736 2243 809 2322 512
833 2251 863 2304 et
887 2250 936 2318 33,
960 2266 1087 2325 quornm
1110 2247 1237 2307 alterum

160 2353 314 2421 ,maximas
343 2347 397 2406 tibi
420 2389 426 2403 .
448 2389 455 2403 .
477 2389 484 2403 .
507 2351 623 2423 gratias
652 2349 784 2422 agimus,
822 2349 943 2405 coctiores
974 2351 1059 2406 etiam
1090 2349 1239 2408 babemus‘

158 2470 286 2513 revera
306 2450 360 2509 vix
380 2449 411 2507 in
435 2468 615 2507 annumero
639 2467 703 2507 esse
725 2449 894 2508 habendum
917 2451 1029 2526 optime
1052 2451 1167 2512 Kelleri
1191 2453 1239 2511 in-

160 2553 334 2630 terpretatio
356 2553 443 2611 docet
466 2570 511 2621 ,so
527 2569 616 2626 sagea
632 2553 688 2608 uter
704 2551 763 2607 alic
784 2552 831 2608 dir
852 2552 906 2608 den
930 2554 1123 2629 innigsten
1142 2554 1235 2624 Dani,

162 2659 195 2716 C.
218 2660 339 2724 Caesar,
371 2657 573 2730 inuigcren
601 2653 674 2711 noch
705 2653 835 2711 icmairt
856 2672 942 2712 unser
964 2657 1056 2713 Herz‘
1087 2677 1239 2733 compares

162 2779 273 2838 quaeso
296 2759 371 2817 illud
395 2757 585 2834 ,insepultam
608 2756 802 2832 sepulturam‘
824 2775 863 2814 ex
885 2757 962 2816 Phil.
980 2760 995 2816 Ι
1016 2761 1189 2820 adnotatum
1210 2764 1241 2819 eb

161 2869 260 2924 nemra
282 2881 321 2922 cx
343 2863 409 2921 aliis
435 2865 521 2920 erait.
545 2867 686 2935 congesta
708 2879 861 2937 oxymora.
905 2861 1063 2921 Praeterea
1086 2864 1111 2922 si
1132 2863 1179 2923 vis
1201 2863 1238 2922 ad

161 2964 177 3044 5
200 2967 249 3041 27,
274 2966 311 3026 cf.
334 2963 412 3023 Phil.
429 2963 470 3037 II,
487 2969 537 3021 34.

247 3067 529 3128 Abundantium
552 3065 674 3125 nimiam
697 3065 899 3143 compluribus
921 3067 996 3127 locis
1018 3067 1145 3128 Wolfius
1167 3068 1237 3128 huic

162 3173 291 3234 orationi
307 3169 400 3232 obicit
414 3171 493 3229 haud
509 3171 597 3246 plane
612 3168 732 3228 iniuria.
776 3170 853 3228 Nam
876 3171 1102 3250 συναθροισμοῦ
1124 3171 1237 3246 figurae

160 3277 234 3337 haec
256 3275 452 3336 inveniuntur
480 3273 617 3350 exempla
643 3278 696 3332 14:
730 3279 749 3331 4
779 3283 831 3330 tou
851 3274 1003 3334 nobilitate
1024 3283 1076 3332 aret
1093 3273 1238 3350 probitate

161 3391 213 3439 out
241 3381 414 3456 optimarum
444 3379 549 3434 artium
581 3377 674 3433 studsb
704 3386 756 3433 aut
783 3379 945 3435 innocentia
975 3386 1027 3434 aut
1055 3376 1114 3433 ulio
1143 3377 1237 3434 larcin

158 3503 272 3561 genere.
320 3487 337 3540 5
367 3501 419 3539 nec
441 3481 652 3538 contentionum
679 3481 876 3555 magnitudine
901 3499 953 3537 nec
974 3496 1092 3536 numero
1110 3479 1238 3554 proelio·

161 3605 225 3643 rum
253 3605 305 3643 nee
327 3586 466 3642 uarietate
488 3584 638 3659 regionum
666 3602 718 3640 nec
740 3583 888 3640 celeritate
910 3579 1081 3658 conficiendi
1107 3600 1159 3640 nec
1180 3583 1236 3641 dss-

162 3688 350 3747 similitudine
372 3685 521 3744 beilornm.
569 3691 586 3743 8
607 3695 708 3763 gentes
731 3689 907 3745 imruaaitate
930 3683 1082 3756 barbaras,
1108 3685 1237 3743 multitu-

162 3794 228 3852 dine
250 3788 481 3860 innumerabiles,
508 3791 580 3849 locis
603 3788 744 3867 infinitas,
769 3790 848 3846 omni
860 3789 1007 3863 copiarum
1027 3806 1134 3864 genere
1147 3787 1237 3845 abun·

232 4031 290 4095 150)
309 4032 364 4078 Non
390 4028 512 4086 mirabor,
539 4029 559 4076 si
577 4010 603 4076 isi
621 4029 668 4076 hac
686 4027 796 4075 oratioue
815 4027 900 4088 plures
918 4028 992 4076 etium
1011 4042 1084 4087 quam
1102 4027 1128 4073 in
1147 4023 1236 4073 ceteris

162 4118 274 4166 omisisse
293 4122 378 4181 tropos
396 4129 524 4176 coarguas,
543 4119 569 4163 ut
586 4116 647 4178 510
664 4115 709 4162 illa
726 4113 859 4162 auctoritas
876 4115 935 4178 537
955 4130 1038 4164 amore
1057 4112 1180 4175 flagravit.
