2752 4620
580 251 793 315 ..72-

271 408 510 481 „Oratiunculam
530 427 587 484 pra
611 410 748 467 Deiotaro
770 428 853 488 qiium
876 408 1061 488 requirebas,
1088 407 1224 466 habebam

207 508 350 586 „raeciim,
384 510 460 587 quoii
479 531 536 569 aori
556 521 703 588 putaram.
750 514 849 590 ltaque
871 532 931 570 eam
957 511 1013 570 tihi
1032 514 1115 583 nii'si',
1141 530 1225 589 qiiam

209 615 309 687 „celim
333 615 376 670 sic
399 614 480 690 legas
503 623 536 672 iit
557 634 674 672 caiisuai
699 625 808 674 tenuem
831 625 861 673 et
877 618 985 692 inopem
1002 635 1052 673 aec
1068 618 1226 692 scriptione

212 735 336 792 „magno
367 735 451 793 opere
480 716 607 792 dignita.
654 719 713 775 Seil
741 738 793 795 ego
824 718 933 794 hospiti
959 721 1049 776 irateri
1077 727 1106 777 et
1134 719 1226 776 aiai'co

209 819 424 893 „munusculum
448 821 559 876 mittere
582 821 663 878 ooliii
684 821 823 878 levidense
847 840 946 878 crasso
961 819 1038 897 fito,
1068 822 1230 878 cia'usmaili

208 924 319 999 „i'psiiis
340 923 434 980 soleat
456 942 517 979 csse
539 927 690 982 miiaera.“

145 1024 211 1089 Qua
233 1044 271 1083 ex
295 1025 423 1102 epistula
445 1026 474 1083 id
491 1029 570 1085 certe
592 1026 711 1085 efficere
734 1046 890 1102 possumus
906 1026 1078 1085 Ciceronem
1102 1047 1160 1085 non
1184 1028 1227 1085 ita

145 1128 244 1203 magni
266 1127 372 1188 fecisse
396 1127 476 1186 illam
502 1129 726 1202 oratiunculam,
750 1136 784 1189 ut
806 1128 896 1188 etiam
918 1129 1056 1187 Halmius
1081 1129 1227 1204 explicat:

147 1229 244 1308 ,Deis
260 1249 325 1289 mari
348 1233 426 1289 ciacc
449 1218 622 1307 jusseriing
647 1233 762 1289 Ciceros
785 1234 815 1289 iri
837 1234 924 1288 eiaem
951 1231 1048 1311 Briesc
1071 1253 1108 1290 aa
1130 1235 1226 1291 sciiieii

146 1335 261 1391 Freuail
283 1332 432 1391 Dolabella
457 1333 584 1391 Glauliea
607 1335 758 1404 scheahea,
785 1353 816 1391 so
839 1333 889 1390 hat
911 1353 943 1390 er
965 1334 1055 1390 selbot
1077 1334 1135 1412 aiis
1150 1337 1227 1393 seiae

146 1436 220 1492 lleiie
249 1435 348 1493 heilica
379 1435 469 1493 hohen
494 1437 597 1494 Werth
624 1437 751 1513 gelegt.‘
796 1437 859 1495 Neo
890 1437 915 1495 si
944 1437 1040 1496 locum
1073 1439 1152 1497 hune
1182 1459 1227 1511 co,

147 1557 206 1618 quo
230 1538 368 1618 equidem
391 1539 481 1598 velim
504 1539 673 1613 referimus,
705 1560 779 1617 opus
802 1544 921 1599 estant
943 1540 1107 1599 Drumanni
1131 1542 1227 1616 expli-

148 1641 278 1714 catione,
311 1661 400 1722 quam
426 1643 560 1702 Halmius
590 1662 710 1723 quoque
739 1644 855 1720 accepit
887 1645 928 1711 ‚ia
952 1643 1011 1700 ilem
1037 1645 1227 1701 Caesariaaer

146 1745 230 1801 sollte
252 1744 332 1802 nicht
353 1745 404 1803 der
427 1745 572 1804 Vardacht
593 1747 749 1817 eatsteheri,
776 1747 844 1804 dass
866 1747 913 1804 ilie
928 1747 1160 1822 Angelegcaheit
1179 1749 1228 1803 iles

148 1847 270 1904 Marnas
293 1848 342 1904 ihre
365 1847 468 1924 linger
490 1848 678 1928 heschiistigte
700 1851 745 1906 als
767 1869 796 1907 es
819 1850 886 1908 eheu
909 1850 955 1906 die
972 1849 1166 1906 Verha'ltoisse
1181 1869 1227 1905 er·

146 1948 322 2026 furiariam‘
350 1957 401 2010 aut
423 1952 727 2011 Richter-Eberhardi
756 1953 841 2023 ,iiber
862 1955 940 2010 seiae
962 1952 1037 2009 licite
1060 1952 1160 2008 iirtei'lt
1182 1952 1228 2007 Ci-

149 2072 214 2110 cero
237 2054 290 2110 mit
310 2053 579 2111 erheiichelter
603 2055 858 2114 Bcschei'ileahei't.‘

235 2155 291 2214 Sed
315 2156 423 2216 omissa
444 2158 499 2215 hae
521 2175 570 2229 re,
602 2158 742 2236 quoniam
772 2159 864 2217 semel
893 2155 1160 2216 demonstravimus
1182 2157 1229 2214 Oi-

150 2258 267 2318 ceronis
290 2259 490 2338 eloquentiam
521 2279 581 2317 non
603 2259 732 2318 caruisse
761 2259 992 2331 mutationibus,
1024 2259 1114 2318 liceat
1142 2259 1229 2317 nobis

150 2361 307 2437 perpaucis
329 2361 520 2419 lineamentis
544 2367 639 2419 totum
656 2362 811 2420 Tullianae
826 2362 1014 2441 eloquentiae
1038 2381 1155 2420 cursum
1179 2363 1228 2418 ad-

151 2465 299 2521 umbrare.
344 2461 410 2525 Qua
432 2463 463 2520 iu
485 2483 518 2521 re
541 2464 646 2522 summi
671 2464 728 2522 erit
750 2463 892 2522 momenti
921 2463 1066 2536 indicare,
1097 2464 1168 2542 quid
1193 2464 1228 2522 de

150 2566 385 2642 Philippicarum
403 2586 511 2642 genere
528 2566 643 2624 dicendi
667 2565 839 2625 iudicemus.
885 2569 929 2624 Aa
944 2565 1148 2625 Hellmuthius
1164 2567 1229 2645 qui-

152 2671 218 2729 dem
241 2690 270 2747 p.
288 2675 305 2728 5
328 2670 405 2731 hano
428 2670 553 2746 protulit
575 2670 770 2729 sententiam:

280 2775 430 2846 „Ceterum
459 2775 506 2832 hic
534 2774 699 2831 manendum
727 2782 770 2830 est
797 2773 876 2831 teat
899 2791 1011 2851 paucas
1033 2775 1230 2849 proprietates

216 2895 291 2948 „aaa
313 2877 404 2934 solum
427 2878 456 2934 ia
476 2879 579 2952 primii
602 2875 797 2947 orationihus,
831 2896 927 2933 aeram
950 2877 1035 2933 etiam
1059 2875 1230 2932 intermissis

218 2980 348 3055 „iaediis,
375 2982 404 3036 iri
427 2981 562 3036 eatreiuis
585 2981 604 3037 τ’.
621 3000 644 3036 e,
671 2981 699 3036 iri
723 2977 904 3036 orationihus
925 2979 1094 3054 Philippicis
1117 2996 1230 3054 compa-

216 3101 309 3154 „rera
356 3081 437 3156 Quod
456 3101 518 3140 cuni
541 3101 612 3140 casu
624 3081 740 3160 factum
765 3100 826 3139 esse
848 3101 904 3138 aon
924 3082 1029 3159 possit,
1055 3088 1135 3137 certa
1152 3081 1230 3137 ratio

217 3185 437 3261 „i'rioestigariilu
460 3195 519 3256 est,
545 3206 582 3243 ea
604 3202 659 3262 qua
684 3185 783 3242 Cicero
805 3186 845 3241 ad
860 3186 1017 3260 pristmum
1039 3182 1153 3241 iliceaiii
1172 3201 1230 3240 mo·

218 3307 295 3362 „reia
327 3291 498 3346 recurrerit.
546 3290 593 3345 Ac
625 3287 696 3343 mi'lii
725 3288 836 3364 qai'ilem
868 3288 1001 3363 inprimis
1034 3287 1103 3342 haec
1134 3284 1231 3341 ualere

218 3395 313 3466 „ratio
332 3395 451 3451 uidetur.
468 3404 474 3423 ¹
497 3391 673 3469 Philippicae
689 3393 833 3447 orationes
849 3411 905 3448 aaa
920 3399 987 3447 sient
1001 3389 1232 3447 alnuioeraridae

219 3499 291 3569 „iis,
323 3516 394 3573 qaae
415 3496 454 3553 ad
473 3495 592 3553 sahli'me
615 3494 729 3550 dicendi
747 3511 840 3568 geniis
862 3511 893 3548 se
915 3491 1063 3568 applicarit
1084 3501 1112 3549 et
1133 3491 1232 3548 verho-

219 3617 300 3670 „ram
325 3608 430 3657 oraatu
453 3599 618 3656 illustratae
641 3615 676 3654 ae
699 3596 851 3654 distractae
873 3604 956 3665 sunt,
988 3594 1040 3651 seii
1056 3597 1154 3672 potius
1176 3613 1231 3651 rac-

219 3703 359 3775 „iliocreia
380 3705 537 3760 orationem
560 3710 715 3778 sequuntur
737 3709 767 3758 et
787 3702 900 3776 asperis
922 3695 1132 3775 audatihusqiie
1155 3698 1231 3753 uoci·

219 3805 289 3880 „has
319 3808 348 3862 ia
378 3807 535 3863 Antonium
569 3806 703 3862 Ci'ceroai
734 3805 959 3862 inimicissimum
992 3800 1117 3879 refertae
1151 3806 1227 3856 suat.

221 3911 339 3987 „ltaque
358 3909 470 3964 'l'iilliiis
492 3928 548 3965 aaa
573 3910 712 3965 arationis
735 3908 781 3964 aet
801 3910 933 3984 copiosae
956 3904 1002 3962 ael
1022 3904 1162 3978 elegeritis
1185 3919 1232 3956 or·

220 4023 308 4088 „iiatii
329 4030 364 4068 oc
385 4013 528 4068 suauitate
549 4014 658 4069 ani'mas
680 4029 793 4081 eorum,
828 4012 879 4086 qui
900 4008 1021 4066 audi'iiiit
1047 4003 1231 4085 perplectere,

220 4117 289 4191 „seit
317 4133 422 4172 ariacai
451 4115 506 4170 eim
529 4115 707 4191 eloquentiae
728 4112 767 4170 aa
787 4110 988 4186 aucupandum
1014 4118 1099 4186 atque
1118 4104 1232 4183 pervel-

317 4304 411 4336 ...hii-n-L
