2752 4620
561 278 777 346 -53,

133 429 335 510 quaestionem
350 434 527 511 pertinebit:
550 435 597 494 cui
613 435 703 510 capiti
718 435 850 495 tabulam
865 435 915 514 (B)
937 434 1046 497 adiecit
1059 457 1089 512 p.
1103 433 1206 518 colel,

132 531 165 589 in
187 552 275 612 quarn
297 555 437 596 numeros
466 536 677 610 clausularum,
709 556 782 616 quas
811 536 979 612 indagavit,
1012 536 1045 595 in
1067 542 1208 597 centenos

133 633 243 695 relatos
265 637 423 713 congessit.

221 736 317 800 Quam
339 740 390 818 qui
414 740 545 799 tabulam
567 739 769 817 perlustrarit,
800 759 888 799 nemo
919 740 983 800 fere
1013 739 1208 812 addubitabit,

134 837 207 917 quin
229 859 263 898 re
284 859 356 901 vera
377 842 435 901 alia
466 843 506 902 sit
532 827 609 903 aliia¹
629 842 814 919 temporibus
843 842 1014 901 habitarum
1043 841 1209 901 orationum

137 941 322 1019 compositio.
365 947 411 1004 hc
433 945 569 1006 Wiietius
598 950 659 1005 tres
682 945 850 1004 orationum
877 945 984 1004 classes
1013 943 1149 1003 conficit:
1178 962 1208 1019 p.

135 1042 255 1106 Quinct.
278 1045 318 1123 (a.
336 1050 372 1105 81
397 1047 480 1120 hab.)
505 1082 547 1091 -
575 1047 692 1107 Verrin.
715 1047 754 1125 (a.
772 1047 842 1126 70);
874 1047 909 1105 de
935 1046 1007 1123 imp.
1022 1047 1082 1105 Cn.
1105 1047 1210 1121 Pomp.

135 1147 202 1226 (66)
226 1181 268 1192 -—
289 1169 319 1227 p.
337 1151 447 1209 Archia
469 1150 551 1228 (62);
574 1170 628 1226 pro
644 1150 740 1209 Sestio
763 1150 831 1227 (56)
852 1182 894 1192 -
916 1148 1048 1226 Philipp.
1071 1145 1209 1228 (44s43):

134 1268 259 1329 quarum
281 1250 379 1326 prima
399 1253 530 1311 nondum
554 1252 625 1312 satis
647 1253 810 1329 perfectas,
843 1251 940 1310 media
968 1250 1208 1327 perfectissimas,

133 1355 283 1428 postrema
303 1372 405 1414 rursus
420 1373 438 1413 a
453 1373 566 1415 summa
588 1355 772 1431 perfectione
788 1353 960 1413 recedentes
974 1351 1127 1412 contineat
1142 1370 1209 1410 ora-

135 1453 242 1515 tiones.
286 1455 345 1514 His
367 1456 462 1517 utitur
483 1456 600 1517 verbis:
624 1456 708 1528 ,lade
720 1455 817 1536 facilc
839 1464 973 1533 apparet,
998 1455 1029 1512 ic
1048 1455 1124 1532 quod
1142 1473 1209 1532 per

133 1575 171 1612 re
193 1559 301 1616 ctiam
325 1567 607 1618 consentaneum
630 1568 674 1617 est
694 1567 723 1616 ct
745 1561 798 1628 r'r'c,
833 1576 905 1635 quac
929 1575 1018 1635 capra
1041 1557 1076 1616 de
1097 1558 1210 1615 evitatis

135 1659 165 1715 in
184 1660 441 1737 paragraphoram
464 1670 493 1719 et
514 1663 638 1736 capitum
655 1661 794 1719 clausulis
815 1659 965 1736 disyllabis
987 1662 1050 1719 aaut
1070 1677 1209 1737 perquam

131 1756 293 1835 probatur,
327 1779 462 1818 rammam
489 1761 694 1840 perfectionem
721 1763 804 1819 cerni
830 1765 859 1819 ia
890 1762 989 1820 medri'a
1018 1759 1207 1831 aratcbnibur,

134 1877 207 1936 quaa
227 1878 301 1937 quac
323 1863 496 1921 antecedant
516 1863 626 1921 lactari
646 1865 777 1921 uideatur
789 1883 852 1923 cum
867 1872 941 1934 arte,
966 1871 1210 1941 praesequantur

135 1979 251 2020 acerrae
272 1965 347 2021 artis
368 1967 560 2023 remrba'aaem
576 1968 718 2043 quandam
741 1967 881 2038 abdicant,
907 1968 950 2026 ita
965 1975 1018 2024 ut.
1035 2007 1043 2022 .
1060 1973 1083 2025 .‘
1127 1966 1212 2024 Haec

135 2063 222 2138 ratio,
245 2065 308 2124 ubi·
319 2066 447 2142 primurn
462 2086 526 2127 eam
542 2069 678 2144 cognovi,
701 2067 807 2129 habuit
821 2069 921 2131 nescio
937 2068 1018 2148 quid,
1041 2068 1120 2148 quod
1136 2067 1210 2126 mihi

135 2186 196 2226 nou
218 2166 305 2227 valde
328 2170 473 2230 arrideret
493 2170 543 2230 vel
565 2190 625 2230 non
648 2171 819 2231 satisfacere
841 2171 1008 2232 videretur:
1024 2172 1120 2230 immo
1137 2189 1209 2231 vero

136 2268 196 2330 scio
227 2270 315 2352 quid:
345 2272 435 2333 nimis
456 2273 535 2333 enim
558 2273 723 2334 communis
744 2274 864 2336 ridetur
885 2275 969 2335 locus
990 2273 1138 2347 adhiberi,
1169 2291 1209 2332 aa.

137 2373 215 2452 quod
239 2394 325 2435 nemo
348 2377 384 2435 de
407 2376 500 2448 caelo,
532 2379 567 2436 ut
587 2377 684 2450 aiunt,
714 2378 864 2454 perfectus
887 2376 1004 2452 ¹labitur
1025 2376 1148 2450 artifex,
1180 2379 1211 2435 et

136 2476 216 2554 quod
242 2495 328 2538 senes
355 2478 515 2538 infantium
543 2499 645 2539 rursus
672 2479 750 2540 fiunt
777 2481 881 2541 instar.
924 2479 984 2540 Hic
1006 2482 1105 2540 autern
1127 2478 1210 2537 locus

135 2580 299 2639 communie
328 2599 366 2640 nc
389 2583 515 2662 quadrat
542 2582 663 2662 quidem
692 2582 781 2658 plane
810 2584 846 2641 ad
869 2582 1070 2661 eloquentiam
1093 2580 1209 2640 Cicero-

135 2681 263 2742 nianam.
309 2683 475 2748 Quadraret
496 2690 559 2745 tum
582 2687 684 2758 modo,
709 2686 734 2744 si
757 2685 894 2744 omnibus
917 2684 1124 2759 expertibus,
1147 2702 1209 2741 non

135 2787 222 2845 modo
237 2786 460 2863 compositione,
484 2788 535 2845 scd
558 2788 646 2846 etiam
668 2787 852 2860 inventione,
876 2786 1072 2863 dispositione
1094 2785 1208 2844 mediae

136 2887 237 2948 classis
259 2887 408 2948 orationes
430 2889 598 2966 superiores
620 2891 788 2963 evaderent,
812 2908 900 2970 quam
923 2889 1036 2967 primae
1058 2891 1089 2948 et
1110 2890 1208 2946 extre·

136 3008 217 3049 mae:
249 2991 328 3070 quod
358 3011 392 3050 re
412 3010 484 3052 vera
512 3011 700 3073 nequaquam
728 2993 777 3053 fit:
809 3011 877 3052 narn
898 2993 1003 3052 insunt
1021 2991 1054 3050 in
1077 2995 1211 3050 extrema

136 3091 230 3152 classe
252 3094 445 3154 celeberrima
465 3096 518 3155 ille
539 3096 705 3155 Miloniana
727 3103 757 3157 et
778 3096 953 3158 suavissima
974 3095 1027 3154 illa
1041 3091 1207 3170 Ligariana,

136 3214 223 3274 quam
247 3197 366 3276 quidem
390 3197 592 3262 Quintilianus
614 3199 814 3259 crebrioribus
835 3199 972 3258 laudibus
994 3198 1095 3269 effert,
1125 3194 1208 3274 equi·

135 3300 200 3359 dem
231 3303 420 3377 margaritam
449 3303 533 3382 quasi
563 3304 637 3364 duco
661 3302 814 3363 Tullianae
837 3301 1035 3381 eloquentiae.
1079 3301 1159 3374 Ergo
1183 3297 1208 3356 si

135 3406 350 3483 compositione
372 3412 488 3468 tantum
511 3408 625 3467 mediae
648 3408 749 3468 classis
772 3406 922 3466 orationes
937 3401 1096 3476 excellunt,
1118 3402 1207 3461 huius

134 3507 178 3565 rei
199 3509 273 3569 alias
295 3529 397 3570 causas
426 3510 567 3586 indagare
591 3517 717 3586 oportet.
761 3508 940 3585 Exemplum
962 3524 1034 3566 vero
1056 3504 1206 3578 Isocratis,

136 3612 215 3689 quod
230 3611 365 3672 Wiistius
380 3612 600 3673 confirmandae
616 3613 766 3689 opinionis
788 3631 858 3674 suae
880 3628 969 3670 causa
990 3609 1073 3668 addit
1093 3627 1132 3668 ex
1147 3609 1206 3668 Gic.

135 3713 274 3774 or.176:
299 3715 387 3788 ,Quia
409 3686 548 3773 etiam⁰ae
570 3717 631 3791 ipre
654 3723 774 3785 tautum,
799 3724 935 3792 quantam
958 3720 1053 3772 aetate
1071 3710 1207 3790 procede-

135 3815 183 3873 bat
284 3817 437 3875 relaxarat
462 3836 480 3875 a
503 3819 591 3875 nimia
617 3820 785 3876 necessitate
814 3824 1008 3876 numerarum‘
1037 3817 1125 3877 etiam
1152 3833 1206 3892 pro

138 3920 225 3980 nobis
240 3925 343 3991 certat,
365 3929 445 3980 certe
466 3940 527 3980 non
547 3921 674 4002 quadrat
695 3922 731 3979 ad
753 3920 792 3993 id,
815 3922 895 4001 quod
909 3922 975 3981 vult
989 3920 1118 3998 probari,
1140 3937 1207 3994 pro·

110 4023 275 4084 bandum.
319 4025 395 4083 Nam
425 4044 491 4084 aum
521 4026 594 4085 haec
625 4025 817 4086 antecedant:
851 4027 973 4095 ,Horam
1003 4033 1121 4099 aterque
1153 4021 1205 4098 (sc.

134 4127 370 4208 Thrasymachus
393 4132 423 4188 et
445 4127 581 4205 Gorgias)
604 4129 759 4188 Isocratem
782 4136 875 4187 aetate
891 4127 1078 4204 praecurrit,
1105 4131 1138 4181 at
1158 4143 1206 4182 eor
