2752 4620
583 235 795 300 „64-

148 408 223 470 quae
245 389 278 448 in
299 389 545 466 panegyrioorum
577 411 700 450 numero
730 392 770 451 sit
791 393 943 466 habenda,
974 411 1045 452 sane
1068 413 1129 452 non
1152 397 1230 470 apta

147 492 254 551 fuisset
270 492 360 551 dictio
375 493 484 552 tenuis.
529 491 615 556 Quod
638 513 697 572 quo
720 493 838 552 facilius
860 495 915 554 tibi
938 495 1124 571 persuadeas,
1149 495 1231 554 scias

148 594 237 654 velim
265 595 362 670 ipsum
385 595 505 672 Lysiam
535 596 566 653 in
596 596 786 673 panegyricis
816 617 833 655 a
861 598 984 674 propria
1013 597 1143 656 dictione
1172 617 1231 656 sua

149 697 366 777 aliquantulum
382 696 538 765 recessisse
553 697 705 777 magisque
717 702 850 758 ornatam
867 699 924 758 sibi
936 700 1105 760 adscivisse.
1134 699 1229 758 Cuius

149 800 193 858 rei
216 805 248 858 et
269 800 445 876 superstites
467 800 531 858 eius
554 800 703 860 crationes
724 805 795 860 sunt
808 805 900 861 testes
916 806 946 862 et
960 799 1123 878 Dionysius
1137 801 1227 859 Hali-

148 901 354 974 carcassensis,
378 901 429 981 qui
444 901 517 960 haec
533 902 569 959 de
584 901 640 961 hac
654 921 686 961 re
708 901 821 962 iudicat
835 903 867 962 in
882 905 943 964 iud.
959 905 1029 982 Lys.
1046 925 1070 967 o.
1082 902 1227 962 XXVIII

148 1024 178 1081 p.
192 1009 252 1063 518
265 1024 308 1084 sq.
325 1005 381 1063 aaz
409 995 460 1060 Ἐν
482 998 536 1079 μὲν
558 996 596 1079 δὴ
618 1005 681 1073 τοῖς
703 1000 912 1075 ἐπιδεικτικοῖς
933 999 1033 1085 λόγοις
1055 999 1225 1081 μαλακώτε-

149 1128 211 1186 ρος,
238 1099 336 1184 ὥσπερ
359 1102 445 1182 ἔφην.
483 1099 622 1181 βούλεται
637 1101 690 1183 μὲν
705 1100 760 1186 γὰρ
775 1097 961 1187 ὑψηλότερος
983 1099 1121 1168 εἶναικαὶ
1137 1127 1224 1189 μεγα-

143 1205 381 1288 λοπρεπέστερος
408 1203 459 1266 καὶ
487 1209 546 1267 τῶν
574 1227 606 1286 γε
633 1201 706 1267 καθ’
734 1202 842 1269 ἑαυτόν
869 1203 1057 1290 ἢπρόκερον
1085 1205 1223 1290 ῥητόρων

148 1304 347 1389 ἀκμασάντων
375 1301 501 1378 οὐδενός
529 1302 700 1381 ἂνδόξειεν
730 1301 804 1370 εἶναι
832 1309 1072 1393 καταδεέστερος·
1104 1308 1141 1372 οὔ
1165 1312 1223 1375 διε-

148 1411 235 1494 γείρει
258 1407 290 1471 δὲ
312 1404 364 1471 cdv
385 1404 540 1490 rinocoruris
562 1404 661 1492 ὥσπερ
682 1404 851 1493 Ἰσοκράτης
874 1407 894 1490 ἢ
917 1412 1133 1493 Δημοσθένης,
1165 1418 1224 1476 col·

147 1517 206 1576 lato
230 1536 254 1576 c.
268 1515 321 1576 111
339 1536 369 1593 p.
386 1520 447 1574 459
464 1515 518 1574 a:
539 1513 657 1585 Λυσίας
678 1511 711 1575 δὲ
733 1517 870 1577 τοιοῦτον
893 1519 945 1597 (sc.
962 1518 1111 1596 ornatum)
1135 1511 1224 1578 οὐδὲν

146 1610 275 1695 ἤσκησεν
372 1618 512 1695 ποιῆσαι,
535 1610 611 1695 πλὴν
633 1615 663 1676 εἷ’
680 1639 706 1678 τι
730 1614 837 1699 μικρόν
860 1616 891 1679 ἒν
912 1623 975 1692 τοῖς
995 1624 1221 1702 πανηγυρικοῖς.

231 1723 348 1782 Deinde
370 1741 409 1780 ne
430 1723 564 1782 Caesaris
586 1723 706 1802 quidem
736 1724 769 1783 in
790 1725 847 1786 hac
869 1726 1004 1787 oratione
1033 1729 1118 1786 tanta
1146 1727 1223 1784 ratio

147 1827 284 1885 habenda
305 1826 371 1898 fuit,
395 1830 506 1906 quanta
527 1825 559 1884 in
583 1830 669 1886 cratt.
692 1847 747 1904 pro
763 1827 883 1904 Ligario
901 1833 931 1889 et
947 1829 1088 1888 Deiotaro
1104 1826 1221 1884 habitis.

146 1927 222 1986 Nam
244 1927 345 1987 inhia
367 1929 446 2004 apud
468 1948 536 1987 eum
559 1928 637 1989 dixit
658 1948 786 2010 eumque
808 1936 855 1990 ast
876 1929 1028 2000 allocutus,
1052 1945 1145 2004 aquo
1168 1925 1220 1982 ali-

146 2030 218 2110 quid
234 2034 298 2089 erat
311 2029 530 2106 impetraturus,
553 2030 762 2092 liberationem
784 2031 898 2091 scilicet
918 2049 1052 2090 reorum:
1076 2048 1135 2108 quo
1159 2045 1221 2085 ma·

147 2133 193 2208 gis
215 2138 330 2205 orator,
362 2137 397 2192 ut
418 2133 562 2194 auditoris
584 2153 671 2194 aures
693 2137 838 2210 captaret,
869 2133 900 2191 id
923 2149 1030 2208 genus,
1063 2132 1142 2211 quod
1169 2131 1221 2190 ille

146 2237 342 2308 adamaverat,
365 2235 527 2295 adsciscere
543 2236 677 2296 debebat.
715 2237 825 2295 Contra
838 2235 871 2293 in
886 2232 1085 2307 Marcelliano,
1109 2237 1220 2314 quippe

146 2356 223 2417 quae
250 2357 428 2417 quamquam
456 2339 508 2396 uni
538 2338 604 2399 viro
632 2337 744 2414 gratiae
772 2339 953 2410 agebantur,
987 2340 1084 2396 tamen
1115 2342 1219 2414 utpote

145 2440 276 2498 laudatio
297 2458 358 2497 non
380 2439 474 2514 magis
495 2441 530 2497 ad
554 2458 636 2512 eum,
668 2440 720 2520 qui
750 2439 940 2512 laudabatur,
975 2458 1064 2518 quam
1092 2443 1129 2499 ad
1160 2459 1218 2512 ecs,

146 2543 223 2619 apud
247 2560 322 2620 quos
343 2540 394 2599 ille
415 2540 608 2614 laudabatur,
632 2546 795 2618 spectaret,
820 2540 914 2601 multo
936 2543 1031 2617 magis
1053 2543 1162 2602 oratori
1184 2542 1220 2600 li-

146 2645 209 2706 cuit
230 2663 283 2704 sua
305 2644 422 2704 dicendi
445 2642 657 2704 consuetudine
680 2644 839 2704 exsultare.

233 2747 316 2812 Quae
338 2767 404 2806 cum
426 2766 480 2824 per
502 2765 534 2806 se
555 2751 688 2822 spectata
709 2748 768 2806 iam
791 2748 852 2810 sint
873 2748 1057 2823 verisimilia,
1080 2767 1154 2810 vera
1173 2767 1220 2806 re·

146 2851 300 2929 perientur
320 2851 386 2927 ipsa
407 2849 496 2908 huius
519 2849 662 2910 orationis
683 2851 851 2911 elocutione
873 2859 943 2914 ante
964 2852 1067 2913 oculos
1088 2851 1192 2928 posita.

233 2954 274 3013 Ut
295 2953 374 3011 unde
397 2952 621 3026 consuevimus,
651 2956 689 3013 ab
712 2954 861 3016 latinitate
884 2956 1040 3015 exordium
1062 2954 1220 3030 capiamus,

146 3058 275 3116 maxime
297 3055 370 3113 haec
392 3061 422 3113 te
445 3055 613 3117 offendantz
902 3044 904 3049 ⁵

232 3157 306 3236 §10
334 3157 424 3233 longe
445 3159 690 3234 praestantissimi
715 3162 829 3222 codices
853 3161 878 3220 G
900 3158 1119 3240 (emblacansis)
1142 3165 1173 3218 et
1190 3159 1219 3215 Ε

147 3260 313 3344 (tartensis)
336 3262 410 3320 haec
431 3263 593 3338 praebent:
625 3265 760 3334 ,omnirem
783 3265 989 3323 Marcellorum
1013 3282 1102 3321 mcum
1121 3268 1220 3338 pectus

147 3366 282 3425 memorio
312 3363 458 3445 odsade't‘r
493 3364 576 3424 ouius
607 3368 764 3426 mutandae
795 3368 959 3444 scripturae
989 3363 1101 3424 nullam
1132 3362 1220 3423 video

146 3487 271 3540 causam,
295 3485 473 3548 quamquam
496 3467 547 3547 qui
570 3467 652 3527 locus
675 3468 812 3528 Taciteus
828 3473 906 3526 Anu.
925 3471 972 3539 ll,
990 3471 1028 3524 31
1052 3465 1134 3538 ,satis
1150 3484 1220 3524 con·

147 3576 207 3632 stat
229 3592 264 3631 ec
292 3590 403 3648 pavore
426 3571 553 3630 offusum
576 3570 754 3644 Claudium‘,
786 3570 865 3633 haud
892 3569 1003 3627 iniuria
1031 3567 1219 3644 comparandi

147 3693 235 3736 causa
255 3675 355 3734 afferri
386 3674 477 3748 solet,
510 3693 570 3735 non
594 3676 731 3735 omnibus
752 3673 887 3752 partibus
909 3672 1061 3732 satisfacit.
1104 3670 1162 3730 Sed
1184 3670 1238 3746 lig

147 3777 263 3838 beriore
291 3776 341 3836 vel
370 3777 513 3853 singulari
543 3778 669 3858 quadam
698 3777 919 3837 constructione
947 3795 1018 3836 usus
1041 3774 1142 3834 Cicero
1166 3773 1218 3830 ob-

146 3880 290 3938 fundendi
322 3880 446 3940 verbum
478 3885 512 3940 ut
543 3880 599 3940 hac
630 3880 848 3956 significatione
882 3879 1047 3956 praeditum
1070 3902 1114 3926 =
1136 3872 1218 3932 sich

21 4056 32 4061 -
146 3983 218 4041 iiber
239 3992 327 4040 etwas
348 3984 503 4057 ergr'essen,
528 3991 616 4041 etwas
638 3982 831 4042 iidcrstrdmcn
854 3979 1099 4058 usurpavit¹4⁷).

217 4115 275 4186 147)
294 4119 324 4166 cl.
342 4117 592 4166 Richter-Eberhardi
617 4118 687 4166 adu:
714 4117 809 4190 ,offgcdit
834 4118 966 4164 atdrker
990 4114 1030 4163 ala
1051 4113 1122 4163 satist
1146 4127 1168 4162 ο.
1186 4114 1219 4159 οξ(
