2752 4620
590 226 802 292 ..46-

158 386 266 453 dunt,
292 386 380 441 idem
403 387 588 442 sentiunt.
636 385 703 442 Cum
727 373 822 443 omues
843 385 907 442 dieo
929 404 977 442 eos
999 387 1131 464 crespio,
1165 384 1235 464 quos

158 506 237 546 nemo
260 489 377 544 ciuitate
404 487 507 562 dignos
536 494 631 562 pottot.
680 483 761 566 Quae
791 496 835 544 est
863 488 954 563 igitur
985 490 1014 545 iu
1043 491 1134 547 medio
1166 489 1238 549 belli

158 609 244 647 eousc
271 591 393 665 positu?
435 589 498 646 Nos
520 589 635 646 deorum
659 589 862 647 immortalium
886 590 1008 664 templo,
1042 611 1094 649 uos
1122 611 1228 663 muros,

158 711 209 751 uos
240 692 443 750 domicilio
471 692 648 767 sedesque
676 691 1004 768 populiitomoui,
1039 712 1141 764 oros,
1173 694 1231 771 so-

158 815 236 865 cos,
268 795 444 870 sepulcro
466 796 664 863 motorum,-
697 813 749 850 uos
772 795 891 870 leges,
925 793 1087 863 iudicio,
1113 796 1232 853 liber·

158 907 284 967 cotem,
310 898 509 971 coniuges,
533 894 701 966 liberos,
724 899 892 972 putrium
915 895 1109 975 defendimus:
1133 909 1234 958 eoutru

157 1002 199 1058 M.
221 1001 365 1057 Antonius
388 998 424 1055 id
444 997 617 1067 molitur,
644 998 683 1056 id
698 1008 861 1077 puguut,
888 1008 920 1056 ut
941 999 1013 1056 hcee
1035 1002 1130 1058 omuiu
1150 1021 1234 1077 per-

157 1102 302 1172 turbet,
328 1110 490 1170 evertet,
513 1101 647 1176 praedam
664 1101 808 1177 reipubl.
825 1120 939 1159 eousom
963 1102 1035 1160 belli
1052 1111 1145 1179 putet,
1162 1102 1233 1182 for-

156 1216 240 1264 tuuos
261 1213 377 1263 nostros
403 1206 541 1281 purtim
564 1205 742 1279 dissipet,
773 1206 913 1280 purtim
935 1205 1144 1282 dispertiat
1162 1224 1233 1282 por-

154 1310 266 1366 rtoidis.
312 1306 374 1375 XI,
399 1311 436 1364 21
469 1307 551 1364 Cum
574 1306 676 1364 consul
695 1305 864 1382 designatus
887 1306 1071 1378 obsideatur,
1103 1326 1178 1365 eum
1201 1311 1231 1366 iu

153 1432 186 1469 eo
210 1410 364 1470 liberando·
379 1409 460 1466 solus
481 1411 520 1466 sit
544 1411 640 1485 posito
663 1408 879 1486 reipublicae,
913 1429 984 1467 oum
1008 1428 1026 1467 u
1046 1410 1152 1487 populo
1175 1413 1230 1469 Ro-

155 1533 238 1572 mouo
258 1510 442 1591 pestiferi
461 1514 565 1569 ciues
584 1514 767 1588 porrieid
775 1514 909 1589 iusque
930 1513 1119 1584 desciverint,
1152 1533 1229 1572 oum-

154 1637 207 1696 que
230 1617 260 1674 id
281 1615 415 1673 bellum
435 1633 589 1691 geramus,
623 1634 676 1691 quo
700 1614 802 1672 bello
824 1614 858 1672 de
880 1615 1095 1691 dignitate,
1120 1619 1160 1675 de
1182 1617 1229 1674 ti-

155 1721 318 1790 bertote,
344 1717 384 1775 de
409 1719 483 1776 oito
505 1719 708 1788 decernamus,
733 1720 761 1775 si
782 1721 812 1777 iu
831 1727 998 1796 potestatem
1021 1721 1085 1797 quis
1107 1723 1233 1778 Autom'i

153 1827 273 1894 uenerit,
295 1824 445 1900 proposito
459 1824 519 1880 siut
535 1830 719 1881 tormento
743 1832 854 1899 utque
876 1826 1088 1893 cruciatus,
1113 1842 1232 1902 eumque

152 1930 255 1987 dorsum
278 1945 373 1983 rerum
397 1926 518 1983 omnium
542 1925 698 1983 decertatio
721 1925 885 1983 oonsulibus
915 1927 1072 2004 optimis
1094 1936 1128 1983 et
1142 1926 1230 2006 sor·

154 2031 319 2088 tissimis
352 2031 544 2086 commisso
579 2038 615 2085 et
643 2028 895 2087 commendato
929 2031 987 2086 sit:
1121 2029 1231 2088 Confer

152 2133 240 2192 etium
263 2133 334 2208 imp.
357 2133 461 2208 Pomp.
486 2130 503 2210 5
523 2133 540 2189 7
565 2137 596 2191 et
618 2133 736 2208 saepius
759 2133 839 2192 olibi.

240 2236 294 2297 Hie
316 2234 460 2311 expositis
483 2255 543 2294 non
566 2236 687 2308 dubito,
711 2235 864 2314 quinium
889 2236 1026 2294 omnibus
1049 2236 1090 2295 cit
1110 2235 1225 2311 perspi-

151 2359 237 2398 cuum
267 2339 437 2397 Ciceronem
472 2343 588 2398 nostros
620 2338 770 2398 orationes
802 2358 873 2399 vere
903 2338 1018 2398 modico
1046 2342 1153 2397 ornatu
1179 2337 1225 2395 in-

151 2443 258 2502 duisse.
303 2442 442 2502 Fortasse
459 2443 495 2500 de
514 2441 639 2516 singulis
663 2441 840 2519 quibusdam
862 2443 950 2499 rebus
972 2441 1116 2500 nonnulla
1137 2445 1226 2499 erunt

152 2547 289 2620 dicenda,
322 2547 371 2605 sed
394 2545 467 2604 hcec
490 2545 521 2602 in
543 2549 725 2621 postremum
749 2551 838 2620 ceput
858 2563 1056 2617 reservemus,
1087 2563 1166 2602 nuno
1187 2543 1223 2601 cd

151 2652 396 2729 compositionem
419 2655 610 2708 transeamus.
717 2714 718 2717 Ἴ

603 2903 687 2989 Cup.
711 2901 771 2970 IV.

517 3027 570 3076 De
589 3025 860 3089 compositione.

235 3162 321 3224 Multi
353 3163 478 3222 fortusse
505 3163 561 3221 hoc
592 3168 681 3239 ceput
707 3163 894 3238 ingressuros
923 3183 978 3221 noe
1005 3163 1141 3222 videntes
1169 3181 1221 3220 ex-

147 3267 325 3349 spectabunt
347 3265 475 3342 primum
499 3284 553 3324 nos
576 3266 612 3323 de
634 3264 719 3325 hiatu
741 3268 883 3345 quosdam
907 3263 1130 3325 observationes
1151 3282 1220 3340 pro-

149 3372 259 3433 laturos
281 3388 359 3441 osec,
390 3367 564 3444 pracsertim
588 3387 654 3426 oum
677 3368 780 3428 Cicero
803 3371 886 3430 senui
909 3368 1019 3429 oratori
1041 3369 1114 3426 haec
1135 3385 1219 3443 pree·

147 3474 260 3552 coperit
282 3491 322 3532 or.
344 3471 360 3546 ἦ
380 3470 438 3531 77:
470 3470 577 3541 ‚Verbo
608 3473 691 3528 etium
723 3473 815 3530 uerbis
845 3472 931 3549 quusi
950 3479 1153 3547 coagmeuture
1172 3489 1222 3528 ue-

143 3576 263 3655 stactam·
297 3573 381 3634 stetu
402 3575 474 3633 euim
498 3574 547 3631 ille
570 3582 711 3651 torosquum
734 3574 832 3632 hictus
853 3585 883 3633 et
902 3593 1058 3632 eoueursus
1080 3573 1221 3632 ooeolium

146 3677 229 3737 mistio
256 3677 389 3755 qtrsiidum
419 3686 448 3735 et
469 3677 544 3753 quod
564 3675 672 3733 iudicet
700 3696 756 3734 uou
779 3680 927 3752 mgrutom
955 3677 1165 3754 neglegentium
1187 3676 1222 3734 de

146 3800 178 3840 re
193 3778 314 3839 ioruiuis
332 3781 424 3856 ruogis
440 3798 522 3858 quom
541 3779 575 3835 de
594 3778 686 3836 verbis
707 3779 892 3838 loborantis!
937 3785 982 3840 Ao
1003 3780 1108 3856 procul
1129 3779 1220 3838 dubio

145 3883 168 3945 si
193 3900 258 3944 mim
282 3880 394 3942 (troeoo
417 3882 518 3963 aliquo
541 3887 658 3941 oratore
686 3900 734 3940 res
756 3883 843 3941 nobis
866 3890 958 3956 esset,
989 3884 1021 3942 in
1050 3887 1127 3943 hunc
1156 3901 1219 3942 rem

145 4004 232 4067 quium
256 3985 384 4046 muxime
412 3985 658 4045 incumberemus.
702 3985 740 4043 In
764 3986 872 4046 Latino
894 4006 966 4046 vero
990 3987 1014 4046 si
1038 3990 1105 4067 quis
1128 4005 1219 4066 quec-

144 4095 197 4161 rut,
221 4090 368 4171 quomodo
391 4090 485 4167 possit
506 4090 544 4150 de
562 4090 617 4149 hec
633 4109 666 4149 re
688 4090 855 4164 disceptari,
879 4109 977 4169 neque
999 4096 1097 4167 aptam
1121 4109 1220 4169 neque
1278 4137 1283 4143 .
