2752 4620
580 268 792 336 ..7ss-

148 429 265 482 quantum
292 425 361 485 potui
385 424 529 484 diligenter,
556 425 753 485 investigassem.
790 427 853 473 Nam
871 427 917 473 has
935 431 1006 474 oratt.
1026 427 1135 488 optimae
1154 426 1232 475 classi

149 525 203 558 esse
221 510 380 558 ascribendas
405 512 464 558 mihi
484 512 582 570 quidem
607 513 680 572 plane
698 512 809 571 persuasi
828 513 904 559 iratus
923 512 1039 560 nimirum
1057 513 1087 559 iis
1105 512 1227 573 numeris,

149 611 212 656 quos
230 597 296 643 solos
314 598 340 644 in
358 598 449 645 haere
467 587 589 658 respicere
608 598 720 656 equidem
739 613 898 659 percenseo.
935 600 991 646 Huc
1015 599 1140 658 pertinere
1167 602 1230 659 puto

152 683 351 743 quadrisyllabas
369 684 490 731 clausulas
503 687 571 739 44‚1
591 685 617 729 in
636 684 746 731 centenis
764 684 879 741 inveniri,
898 686 1059 732 ascendentes
1077 685 1230 731 descendan-

148 768 216 815 tibus
234 770 346 829 superari
364 770 389 816 in
408 771 486 816 classe
506 784 594 817 vocum
613 770 790 830 disyllaborum
809 784 911 817 numero
930 774 953 828 2,
974 773 988 818 2
1006 771 1022 816 i.
1034 775 1098 818 cent.
1117 773 1231 830 (exstem

147 854 212 901 desc.
233 857 255 912 7,
276 857 300 913 8,
318 869 367 902 aso.
386 856 410 914 5,
430 858 470 917 6),
500 857 525 902 in
549 856 627 902 classe
655 854 895 915 quadrisyllabarum
914 870 1003 903 vocum
1029 870 1131 902 numero
1150 856 1229 914 aaa
1251 862 1255 867 '

148 938 227 1003 (dese
248 942 289 998 38,
310 942 333 1001 8,
352 955 401 988 asc.
421 943 443 1000 ὅ,
464 938 504 1005 3),
532 941 637 1000 deniquo
655 942 809 988 ditrochaeos
832 941 939 988 inveniri
965 942 1128 1001 20‚1i.c.‚
1155 941 1230 987 buius

150 1025 243 1072 formae
262 1027 385 1074 clausulas
404 1043 454 1070 -υ
469 1026 472 1091 l
487 1042 599 1071 υυ-υ
617 1029 640 1084 l,
656 1029 677 1073 1.
715 1028 768 1074 Nec
784 1041 845 1073 vero
864 1027 924 1072 mihi
942 1032 1026 1088 utpote
1045 1027 1078 1073 nil
1096 1025 1144 1074 nisi
1162 1027 1230 1073 veri·

149 1115 223 1157 tatem
242 1114 401 1171 persequenti
418 1114 475 1160 licet
493 1114 604 1160 omittere
620 1127 656 1170 ea,
675 1126 738 1172 quae
756 1112 798 1160 alii
815 1113 920 1160 fortasse
938 1128 1006 1160 meae
1025 1118 1153 1173 opponant
1172 1127 1228 1160 ean·

148 1196 255 1243 tentiae:
283 1203 309 1243 ut
327 1212 447 1245 summam
465 1198 642 1259 disyllaborum
660 1199 824 1246 clausularum
843 1199 960 1246 maiorem
979 1213 1032 1246 esse
1051 1213 1124 1258 quam
1142 1199 1231 1246 deceat

149 1282 268 1341 optimam
286 1283 428 1342 periodum:
458 1285 502 1331 sed
520 1284 577 1330 huic
595 1298 697 1331 numero
716 1300 765 1332 non
784 1285 886 1332 nimium
904 1285 1061 1332 tribuendum
1080 1299 1134 1332 esse
1152 1297 1228 1330 nemo

148 1381 197 1412 nou
223 1367 298 1414 videt.
335 1367 414 1415 Multo
440 1370 518 1427 magis
542 1370 655 1428 mireris,
683 1371 748 1429 quod
772 1370 867 1417 duobus
890 1372 951 1418 locis
974 1371 1073 1430 plenam
1096 1369 1228 1430 periodum

147 1451 238 1497 claudit
255 1452 375 1500 diiambus
394 1456 561 1502 conformatus
579 1470 609 1502 ex
628 1470 689 1503 voce
707 1456 820 1515 iambica,
839 1471 902 1515 quae
915 1457 1005 1516 excipit
1017 1470 1103 1502 vocem
1121 1455 1147 1501 in
1166 1468 1229 1514 ,cre-

146 1537 220 1583 ticum
238 1539 397 1596 desinentem,
417 1556 450 1588 sc.
469 1541 533 1588 dom.
553 1544 592 1598 ul,
612 1541 717 1601 ,collepio
736 1543 802 1589 eolel‘
821 1541 849 1604 (.)
868 1547 893 1589 et
911 1545 942 1590 62
963 1542 1086 1601 ,capotium
1104 1539 1170 1588 dado
1189 1537 1226 1604 (),

148 1637 250 1682 quorum
269 1624 308 1672 hic
326 1627 408 1673 nescio
426 1642 457 1674 an
476 1642 505 1674 eo
523 1633 661 1683 excusatur,
680 1628 746 1686 quod
760 1626 846 1674 Cicero
865 1628 904 1675 hic
916 1627 1031 1675 Clodium
1049 1625 1108 1674 iacit
1124 1626 1228 1685 loquen-

147 1714 204 1766 tem,
222 1711 291 1758 illum
310 1712 508 1761 emendatoribus
526 1715 697 1762 commendare
716 1715 798 1761 nullus
815 1713 908 1761 dubito.

217 1796 257 1842 Ad
275 1812 328 1856 cap.
342 1798 364 1842 V
382 1813 406 1858 p.
421 1800 452 1847 59
471 1801 527 1847 adn.
540 1802 603 1847 144:
631 1802 746 1850 Ceterum
772 1801 796 1847 in
819 1799 897 1860 ipsius
922 1799 1059 1847 Eberhardi
1084 1797 1126 1862 (au
1152 1798 1227 1846 Riob-

147 1879 221 1942 teril)
239 1885 316 1942 prael.
336 1899 359 1944 p.
375 1887 406 1932 1o
425 1887 485 1932 haec
497 1892 607 1934 exstant:
626 1886 686 1946 ‚uod
702 1887 763 1933 aucb
783 1885 835 1932 bier
852 1884 946 1932 besoeist
959 1885 1040 1932 Cicero
1059 1883 1165 1932 meimet
1176 1884 1230 1932 mad

154 1964 357 2016 Vaterlondela'ebe
375 1974 450 2030 e.q.s.‘

218 2055 255 2101 Ad
274 2070 329 2115 pag.
345 2059 377 2105 60
395 2072 419 2104 v.
439 2072 454 2104 a
471 2072 537 2119 supr.
559 2061 596 2106 18,
634 2058 713 2117 Quam
741 2057 887 2104 senteutiam
915 2071 971 2115 eos,
1000 2071 1061 2117 quos
1090 2056 1231 2114 nominavi5

148 2155 191 2188 vv.
206 2140 245 2186 dd.
260 2142 396 2191 verisimile
409 2147 447 2191 est
459 2145 604 2191 Drumanno
617 2142 686 2207 (hist,
699 2144 770 2192 Rom.
785 2144 820 2189 Vl
833 2158 856 2203 p.
868 2144 917 2191 266
930 2143 986 2190 adn.
997 2141 1041 2204 62)
1053 2141 1151 2191 debera.
1189 2142 1228 2190 si-

149 2227 240 2274 militer
252 2228 393 2277 Passowius
411 2229 509 2294 (,verm.
522 2229 640 2277 Schriltt!
658 2244 683 2290 p.
698 2231 746 2276 271
761 2225 807 2294 sq.)
825 2229 986 2286 iudicaverat,
1005 2229 1047 2287 qui
1060 2232 1141 2276 umen
1159 2227 1228 2276 idem

149 2311 192 2356 vix
211 2314 320 2371 potuisse
338 2315 392 2360 lieri
410 2314 539 2372 censebat,
566 2315 625 2372 quin
644 2313 697 2374 ipsc
716 2313 803 2360 Cicero
821 2314 885 2360 hanc
896 2313 1039 2371 ¹orationem
1056 2312 1081 2358 in
1100 2312 1228 2373 publicum

150 2397 249 2455 prodire
266 2397 369 2445 iuberet.

218 2481 278 2542 Peg.
292 2486 324 2532 68
342 2499 367 2530 v.
379 2498 401 2532 a.
416 2497 481 2542 supr.
496 2486 543 2530 12:
561 2484 684 2529 Nimirum
702 2484 732 2530 de
744 2483 893 2543 Ligarianae
912 2497 1008 2542 qnoque
1027 2484 1133 2532 editione
1151 2489 1228 2533 testes

150 2566 221 2615 nobis
233 2576 291 2616 eunt
302 2570 441 2629 complures
450 2569 533 2630 epistt.
546 2569 657 2617 Ciceron.
670 2569 728 2627 loci,
742 2575 768 2615 ut
780 2569 850 2628 XIII,
862 2572 901 2628 19,
912 2571 926 2616 2
936 2587 942 2631 ;
957 2571 996 2627 12,
1008 2572 1022 2617 2
1032 2586 1039 2632 3
1053 2572 1093 2624 20,
1105 2572 1118 2616 2
1129 2584 1135 2628 ;
1147 2571 1190 2629 ll,
1200 2570 1226 2630 2,

151 2674 181 2706 ex
199 2658 287 2716 quibus
305 2657 425 2717 primum,
453 2656 544 2717 quippe
569 2656 611 2716 qui
637 2657 741 2704 forsitan
762 2657 793 2703 od
811 2669 932 2703 summam
951 2655 1027 2702 totius
1045 2654 1227 2706 dissertationis

150 2751 249 2792 nostrae
268 2743 396 2804 pertineat,
415 2743 455 2791 hic
466 2742 621 2790 exscribam:
639 2745 807 2804 ,mononem
824 2749 851 2789 ut
865 2742 934 2790 video
947 2741 1076 2802 praeclare
1094 2741 1229 2790 auctoratos

149 2838 191 2878 tua
209 2831 386 2879 commodavit.
423 2832 526 2892 Sortitus}
548 2832 609 2878 enim
634 2833 669 2878 od
692 2847 728 2878 me
745 2829 871 2879 Bulbus
896 2839 918 2879 et
936 2830 1054 2892 Oppius
1078 2830 1176 2891 minyius
1202 2847 1228 2878 ao

102 2948 105 2955 ·
146 2917 253 2976 probare
270 2917 299 2963 ob
316 2932 413 2976 eumque
431 2931 531 2964 coucam
549 2917 584 2962 ad
601 2913 729 2964 Caesarem
746 2931 799 2962 eam
817 2929 842 2963 ee
859 2917 1018 2964 ortiuncolom
1035 2915 1145 2963 misiasc.‘
