2752 4620
575 193 788 259 ,32-

231 350 453 409 Artificiosioris
470 350 558 408 etiam
582 349 702 423 figurae,
725 351 949 427 complexionis,
972 370 1051 430 quse
1070 354 1246 432 ooniungit

145 454 353 531 repetitionem
384 464 415 511 et
446 452 685 524 conversionem,
717 454 887 529 exemplum
918 454 1031 512 nullum
1063 456 1175 516 inesse
1207 460 1243 517 in

146 558 254 618 uostris
272 556 457 615 orationibus
477 556 542 613 fere
560 574 809 630 supervacaneum
828 557 965 615 videatur
983 576 1241 635 commemorare,

145 684 210 723 eum
233 662 263 719 in
287 660 432 729 omnibus,
455 678 529 736 quas
550 659 666 715 adferre
688 658 832 730 solemus,
856 660 1041 718 orationibus
1063 680 1165 719 unum
1190 663 1238 721 in-

144 764 313 824 venerimus
335 760 517 837 exemplum,
542 760 603 818 Mil.
623 766 676 819 59:
713 764 797 835 ,(Ιιιιὶι
819 781 867 817 eos
887 761 1070 837 postulauit?
1099 766 1236 841 Appios.

146 871 215 943 (iuri
235 866 398 942 produxit?
420 865 546 939 Appius.
598 863 699 919 Ιίιιίο.9
720 863 757 920 ob
780 866 905 940 Appio!

231 977 259 1031 3.
303 971 352 1026 De
368 967 609 1035 eontrapositis
627 983 650 1023 s.
667 954 865 1041 ἀντιθέτοις,
887 969 1235 1029 annominetionibus

146 1094 171 1136 s.
202 1062 478 1155 ,ταρονομαοιάις,
512 1072 555 1126 de
584 1060 853 1146 ὁμοιοτελεῦτοις.
904 1069 990 1125 Haud
1024 1069 1131 1142 exigui
1164 1090 1233 1132 esso

146 1174 286 1234 momenti
310 1173 414 1230 harum
437 1172 596 1246 figurarum
620 1173 900 1247 contemplationem
924 1192 1011 1230 nemo
1035 1174 1075 1231 sit
1099 1175 1153 1253 qui
1177 1196 1230 1236 ue-

145 1285 210 1352 get:
240 1274 412 1351 praesertim
442 1293 506 1332 oum
538 1273 701 1351 Dionysius
730 1273 799 1334 Hel.
828 1275 946 1349 saepius
974 1275 1005 1332 in
1028 1276 1083 1333 has
1106 1276 1223 1353 figures,

146 1398 221 1459 quae
246 1374 393 1454 Γοργίειαι
415 1378 569 1448 feruntur,
591 1377 752 1437 invehatur
774 1385 807 1436 ut
829 1369 992 1455 θεατρικοῖς
1014 1384 1044 1435 et
1066 1371 1225 1455 μειρσκιό-

146 1482 207 1550 δεις
228 1488 262 1540 ut
283 1480 314 1537 in
337 1498 383 1554 ep.
406 1481 442 1537 ad
463 1480 585 1552 AinII,
609 1485 664 1539 σ.2
688 1486 719 1537 et
741 1480 827 1551 eit,
850 1480 886 1537 de
908 1479 939 1538 vi
963 1480 1047 1538 Dein.
1067 1501 1090 1539 ο.
1109 1485 1149 1540 18
1172 1500 1230 1541 neo

144 1585 199 1645 vix
228 1585 325 1642 faeere
354 1582 515 1659 possimus,
546 1583 617 1663 quin
648 1583 773 1641 Asianos
804 1601 923 1661 quoque
951 1582 989 1641 iis
1017 1601 1081 1642 esse
1104 1585 1231 1659 gavisos

145 1696 298 1764 putemus,
330 1706 396 1745 oum
425 1686 503 1746 idem
534 1686 698 1764 Dionysius
728 1686 758 1743 in
788 1684 941 1761 prooemio
973 1686 1009 1743 de
1039 1692 1112 1745 vett.
1138 1694 1232 1749 oratt.

145 1791 213 1850 libri
247 1812 271 1850 o.
298 1797 311 1849 l
350 1790 510 1849 Asiaticam
544 1790 704 1849 dictionem
732 1782 889 1866 ἀφόρητον
919 1780 1072 1846 ἀναίδειαν
1100 1792 1231 1868 θεατρι-

145 1887 281 1970 adom)
310 1891 448 1968 appellet.
493 1894 531 1950 Et
554 1893 699 1967 Hegesias
722 1892 1014 1970 Hegesionootesque
1037 1890 1147 1950 seimus
1171 1887 1229 1951 ἄν·

145 1995 248 2053 τίθετα
270 2001 349 2054 oerte
370 1995 420 2054 vel
441 1994 666 2071 παρονομασίας
686 1995 907 2072 frequentasse,
938 2013 1044 2070 nempe
1074 2012 1114 2051 ex
1142 1994 1228 2071 frag-

146 2098 257 2158 mentis
284 2098 321 2155 ab
345 2097 566 2170 Agatharchide
595 2097 734 2171 servetis,
764 2097 815 2155 ubi
845 2096 916 2155 talia
944 2101 1077 2155 exstant:
1109 2087 1229 2171 σ’ριόσαι

147 2192 214 2274 τήν
236 2190 424 2277 πρότερον
446 2186 542 2256 οὗαν
563 2191 681 2257 οὐκέτ’
705 2185 828 2256 οὖσαν.
853 2231 896 2241 -
919 2191 1029 2257 Δεινᾶν
1050 2190 1229 2279 τήνχοᾶραν

146 2294 322 2379 ἄσπορον
344 2290 419 2357 εἶναι
441 2292 494 2357 τόν
515 2293 587 2369 τούς
609 2293 809 2378 Σπαρτούς
832 2302 984 2359 τεκοῦσαν.
1008 2335 1049 2344 —-
1076 2299 1127 2369 Τίς
1143 2293 1170 2357 d'
1187 2295 1227 2361 ἄν

146 2396 268 2461 δύναιτο
298 2402 421 2476 ποιῆσαι
450 2396 504 2477 τὴν
529 2396 660 2481 Κύρου
690 2396 774 2461 δόσιν
804 2394 965 2482 ἄκυρονς
989 2439 1031 2447 -
1066 2398 1168 2462 Τόπον
1191 2400 1227 2464 δὲ

145 2506 210 2575 πῶς
225 2497 328 2584 γένοιτ’
342 2496 380 2561 ἄν
395 2496 537 2580 ἄβατος
551 2499 672 2581 βᾶτου
687 2502 906 2584 περικειμένους
952 2506 1086 2566 Alterum
1103 2506 1133 2564 id
1149 2512 1225 2581 erat,

147 2611 225 2688 quod
255 2608 477 2683 frigidissimam
505 2609 628 2668 reddere
658 2610 821 2668 orationem
849 2612 1082 2686 Agatharchides
1110 2609 1147 2667 iis
1170 2611 1225 2669 ob-

145 2713 230 2786 iecit,
261 2711 312 2791 qui
339 2711 412 2770 haee
435 2732 554 2791 quoque
582 2718 746 2772 memoratu
768 2714 857 2789 digna
879 2714 915 2773 de
938 2715 1068 2791 Hegesia
1089 2712 1226 2771 animad-

145 2815 250 2876 vertit:
282 2806 324 2886 ,Ὁ
347 2808 378 2873 di
401 2807 501 2889 φήσας
528 2808 625 2872 δεινόν
653 2805 728 2874 εἶναι
757 2810 810 2893 τήν
838 2818 896 2896 γῆν
926 2809 1060 2896 ἄσπορον
1081 2811 1224 2895 γενέσθαι

146 2912 199 2994 τήν
229 2911 298 2986 τούς
321 2911 481 2996 Σπαρτούς
510 2919 653 2976 τεκοῦσαν
684 2916 716 2978 ἐκ
746 2922 806 2978 τοῖν
837 2914 1040 2998 ὀνομάτων
1061 2913 1116 2996 τήν
1138 2915 1222 2977 ἐναν·

146 3019 246 3079 τῖωοιν
267 3017 396 3095 εἴληφεν,
421 3014 477 3078 οὐκ
493 3017 525 3079 ἐκ
542 3023 595 3079 τοῦ
618 3015 855 3101 πράγματος]
901 3024 1085 3082 Posteriores
1100 3043 1221 3102 quoque

146 3124 274 3183 Asianos
295 3122 366 3182 talia
388 3123 538 3181 adamasse
561 3144 615 3199 per
630 3144 661 3183 se
680 3130 783 3199 patere
806 3133 888 3198 puto.
934 3127 979 3181 De
995 3127 1103 3204 quibus
1118 3126 1221 3185 Oioero

147 3228 229 3286 Brut.
252 3230 311 3283 325
336 3226 469 3299 disserit,
502 3246 623 3302 parum,
657 3232 799 3306 quantum
823 3227 959 3304 equidem
982 3228 1083 3299 video,
1107 3229 1221 3304 perspi·

147 3351 200 3392 oue
214 3328 299 3407 106);
323 3334 453 3388 attamen
478 3334 608 3389 nostrum
632 3330 719 3390 oredo
742 3330 844 3389 iuvare
867 3330 1053 3401 sententiam,
1077 3332 1156 3408 quod
1173 3331 1221 3389 Ci-

216 3555 276 3618 105)
294 3565 441 3612 quamquam
460 3566 498 3597 me
517 3566 566 3599 non
584 3551 647 3611 fugit
664 3551 689 3597 in
707 3550 745 3596 his
764 3549 866 3597 vocibus
885 3545 1006 3614 θεατρικὴ
1026 3547 1070 3600 καὶ
1087 3545 1219 3616 ἀνάγωγος

146 3641 324 3702 generaliorem
342 3653 438 3698 quoque
456 3639 537 3685 inesse
557 3637 690 3695 notionem,
709 3642 736 3683 ut
753 3636 826 3684 etism
844 3636 870 3682 in
887 3636 937 3684 iud.
957 3636 987 3683 de
1002 3635 1078 3683 'Phua
1092 3651 1114 3695 p.
1127 3639 1176 3684 813
1189 3638 1218 3684 R.

145 3719 305 3789 ἐπιτιμήσεις
322 3724 435 3771 dieantur
453 3720 556 3790 ἔχουσαί
573 3737 597 3772 τι
615 3719 748 3787 ὕεατρικόν
766 3719 810 3773 καὶ
827 3722 878 3773 τῶν
895 3719 992 3772 πολλῶν
1010 3714 1160 3785 α’ναγωγόν,
1188 3723 1218 3769 de

148 3826 196 3873 quo
213 3813 267 3859 loeo
285 3809 344 3857 vide
362 3810 456 3857 Bsislrii
474 3811 556 3858 adnot.
593 3808 641 3856 Sed
658 3809 716 3857 vide
734 3811 808 3857 etiam
825 3810 884 3857 Ern.
898 3810 946 3856 lex.
959 3808 1041 3855 teehu.
1054 3806 1141 3854 Graec.
1155 3807 1216 3853 rhet.

147 3915 172 3959 p.
188 3898 244 3946 154.

217 3982 277 4048 los)
294 3982 351 4029 vide
369 3980 433 4028 inter
451 3982 514 4041 alia,
541 3997 615 4040 quam
632 3980 734 4042 ancipiti
752 3981 930 4041 significatione
948 3977 1096 4027 vocabulum
1120 3979 1217 4022 senteu-

147 4071 196 4117 tiae
221 4075 335 4130 usurpet:
360 4067 438 4128 priori
456 4068 522 4115 enim
540 4069 593 4115 loeo
611 4067 670 4126 quid
687 4067 809 4127 significet
826 4068 977 4115 demonstrat
1000 4063 1063 4111 illud
1087 4061 1217 4120 ‚semotio-

828 4332 897 4348 ὣ
