2752 4620
583 247 794 311 ..(33...

148 421 338 480 persuasum:
366 421 474 479 nempe
496 420 562 462 oum
583 403 759 480 plerumque
779 402 811 460 id
833 401 873 462 sit
895 400 1083 492 statuendum
1104 402 1223 461 veteres

149 511 290 580 oratores,
312 503 338 565 si
354 524 427 585 quas
450 505 486 563 ad
510 505 671 565 editionem
693 503 901 581 perpoliebant
922 503 1081 574 orationes,
1105 501 1142 561 iis
1157 521 1222 560 eam

149 607 297 669 studuisse
325 608 448 666 iuduere
472 607 617 684 speeiem,
647 606 734 687 quasi
755 625 788 665 re
810 625 881 668 vera
903 605 959 678 sia,
992 609 1026 664 ut
1046 604 1223 679 legebantur

148 715 248 769 essent
269 709 399 783 habitae,
422 710 465 770 sio
486 709 588 770 Gioero
609 709 668 782 hio,
692 729 758 768 oum
780 727 900 770 revera
922 708 999 766 bene
1021 706 1222 782 disposuisset,

148 812 277 887 speeiem
299 811 393 871 malae
410 811 672 872 contaminationis
694 812 766 870 duas
787 810 855 870 illas
876 815 976 887 partes
998 828 1070 886 prae
1092 829 1122 868 se
1144 810 1223 867 ferre

148 913 243 985 iussit,
267 933 331 972 oum
347 913 574 989 dispositionem
596 914 632 972 ad
656 930 691 972 ea
713 912 916 972 tantummodo
940 911 1046 991 sopita,
1069 929 1145 990 quae
1159 911 1223 987 ipse

149 1015 256 1075 (laesor
277 1015 423 1091 attigerat,
447 1016 681 1076 aooommodasse
703 1033 734 1074 se
756 1014 916 1075 simularet.

233 1117 300 1191 Sed,
322 1125 356 1178 ut
378 1118 495 1178 tandem
518 1120 555 1176 ad
574 1123 704 1176 nostram
722 1135 839 1176 oausam
861 1120 1053 1188 revertamur,
1076 1114 1174 1187 etiam,
1197 1114 1222 1175 si

149 1219 244 1296 ipsius
273 1219 418 1279 orationis
446 1221 558 1278 formae
588 1218 697 1278 nullam
726 1218 785 1278 iam
812 1218 989 1277 haberemus
1012 1217 1221 1292 coguitionem,

148 1328 248 1381 tamen
263 1320 511 1380 verisimillimum
533 1321 664 1380 iudioare
680 1321 837 1397 oportebat
851 1339 916 1378 eam
938 1321 976 1378 ab
998 1320 1064 1394 ipso
1080 1319 1222 1377 Gioerono

150 1423 259 1483 editam
274 1423 376 1483 luisse.
420 1427 467 1482 Διι
484 1441 613 1501 quonam
636 1423 755 1483 tandem
778 1422 865 1481 modo
886 1423 998 1482 foetum
1020 1420 1133 1495 fingitis
1149 1439 1220 1494 esse,

149 1531 182 1585 ut
196 1525 356 1602 Ligariana
371 1531 401 1585 et
416 1525 609 1586 Deiotariana
624 1527 784 1585 ederentur
805 1559 848 1570 —
872 1543 940 1585 narn
963 1525 999 1583 de
1020 1522 1073 1583 illa
1088 1524 1118 1582 id
1134 1543 1220 1583 nemo

147 1628 334 1702 infitiabitur,
356 1631 393 1688 de
408 1629 464 1688 hae
479 1629 623 1704 epistulae
639 1628 789 1688 ouiusdam
805 1627 1006 1687 testimonium
1021 1627 1165 1686 habemus
1182 1660 1219 1670 —-

149 1729 342 1790 ldaroolliana
364 1729 481 1790 seriniis
502 1728 702 1790 retineretur?
748 1730 842 1788 Immo
864 1747 936 1788 vero
959 1732 993 1789 ut
1014 1729 1115 1788 ederet
1136 1729 1222 1801 hano,

148 1850 236 1909 quam
260 1832 384 1907 primam
406 1837 563 1910 postquam
586 1832 699 1891 tamdiu
729 1831 837 1904 taouit‚
867 1831 1026 1903 habuerat,
1058 1832 1222 1906 permultae

149 1952 215 1991 eum
244 1952 350 1994 oausae
379 1934 527 1995 debebant
554 1953 762 1995 commovere.v
798 1931 976 2012 Quiouuque
1003 1935 1081 1992 enim
1112 1939 1223 1993 norunt

148 2055 245 2095 mores
268 2035 438 2108 Tullianos,
467 2035 498 2095 id
527 2041 607 2096 oerte
634 2036 708 2095 mihi
737 2036 901 2103 oenoedeut
928 2034 1124 2095 libentissime
1154 2056 1220 2096 eum

148 2139 332 2198 oooasiouem
356 2138 516 2215 arripuisse
545 2138 688 2212 ,diuturni
711 2138 823 2198 silentii
846 2137 936 2197 finem
957 2137 1111 2197 faoiendi‘:
1142 2144 1221 2198 oerte

148 2261 209 2301 non
231 2261 327 2322 aequo
351 2243 450 2302 animo
472 2241 595 2314 tulerat,
626 2241 706 2320 quod
728 2241 840 2300 tamdiu
863 2239 1051 2319 eloquentiae
1078 2239 1222 2316 principis

148 2363 222 2404 vooe
243 2348 275 2404 et
294 2345 392 2404 forum
417 2350 448 2404 et
463 2344 549 2404 ouria
570 2362 670 2404 oarere
687 2343 822 2403 debebat.
867 2343 929 2401 lam
945 2344 1001 2401 hoo
1017 2360 1094 2402 rano
1110 2342 1221 2418 gloriae

148 2445 246 2509 studio
269 2451 431 2507 commotus
453 2446 617 2519 erraverit,
652 2450 686 2506 ut
708 2444 808 2505 statim
830 2444 919 2505 etiam
942 2443 1134 2522 pervulgaret
1156 2464 1220 2505 ora-

150 2549 274 2609 tionem.
317 2549 443 2610 Aoeedit
473 2549 552 2628 quod
586 2548 758 2625 properavit
789 2546 891 2607 Oioero
926 2546 1159 2607 consentientem
1189 2566 1220 2606 se

149 2669 215 2708 oum
245 2670 323 2712 novo
351 2670 448 2710 rernm
478 2656 557 2710 statu
587 2650 736 2726 profiteri:
767 2653 802 2708 ut
822 2650 887 2725 ipse
914 2649 946 2706 in
969 2649 1023 2708 illa
1049 2651 1220 2727 saepissime

148 2751 270 2813 laudata
289 2753 433 2829 epistula,
462 2753 532 2811 ianr.
546 2751 601 2819 IV,
615 2756 644 2824 4,
661 2754 679 2808 4
702 2752 776 2809 haee
799 2750 886 2810 dioit:
918 2749 1026 2832 ,effugi
1044 2753 1106 2809 eius
1128 2752 1220 2831 efflar-

148 2856 273 2925 sr'onanr,
306 2857 358 2934 qni
375 2853 510 2932 sortasse
540 2851 737 2911 arbitraretur
766 2870 809 2908 me
838 2851 912 2910 lenae
933 2851 1134 2930 rempublicam
1163 2874 1219 2912 uon

145 2966 264 3031 putare,
288 2959 318 3015 ιιι·
334 2965 474 3032 perpetuo
497 2962 653 3013 tarmem‘:
678 2972 765 3033 quem
788 2974 873 3014 suum
895 2954 1025 3013 animum
1040 2956 1114 3035 quin
1130 2976 1218 3036 quam

149 3057 277 3132 primurn
307 3059 339 3117 in
361 3058 512 3134 publioum
535 3077 653 3138 quoque
684 3057 804 3132 prodire
825 3057 969 3130 voluerit,
1000 3058 1073 3117 milri
1101 3059 1217 3138 quidem

148 3146 209 3219 non
231 3166 277 3221 est
298 3161 431 3222 dubium.

232 3263 290 3323 His
313 3264 452 3324 omnibus
473 3263 505 3323 id
526 3267 606 3324 eerte
628 3267 779 3325 asseoutos
801 3283 856 3324 nos
877 3266 1032 3340 putamus,
1061 3267 1095 3322 ut
1116 3268 1217 3322 nostro

146 3364 211 3424 iure
232 3366 453 3427 Mareellianam
484 3385 602 3447 quoque
633 3365 664 3425 in
687 3367 743 3425 hae
772 3365 947 3426 traotmione
976 3364 1123 3441 respioere
1150 3385 1217 3440 pos-

148 3484 249 3527 simus.

233 3569 324 3631 Cuius
344 3571 486 3632 orationis
508 3571 596 3649 plane
618 3577 664 3632 est
685 3569 744 3631 alia
766 3569 899 3631 eondioio
921 3587 956 3627 ao
974 3573 1138 3635 oeterarum
1153 3590 1218 3630 ora-

147 3669 263 3730 tionum
290 3674 539 3736 caesarianorum.
583 3675 659 3733 Nam
689 3693 757 3733 oum
779 3673 968 3749 Ligarianam
999 3679 1029 3732 et
1051 3673 1218 3734 Deiotaria-

147 3791 215 3831 nam
247 3773 330 3850 prius
363 3775 451 3836 etiam
484 3794 572 3854 quam
605 3775 700 3852 ipsam
734 3775 931 3835 slooutiouem
963 3774 1217 3851 perlustraremus,

146 3881 269 3952 propter
290 3878 431 3956 quasdam
447 3897 550 3938 oausas
565 3878 750 3938 extrinsecus
772 3877 876 3936 allatas
898 3878 1050 3953 probabile
1072 3879 1163 3939 fuerit
1180 3881 1216 3938 ad

147 3977 276 4038 Attioam
299 3979 437 4038 aooedsre
459 3980 627 4053 dictionem,
650 3982 686 4038 de
703 3979 893 4040 Mareelliana
914 3981 1014 4056 potius
1036 3981 1215 4041 eontrarium

147 4081 285 4160 quiddam
307 4081 448 4141 oontendi
470 4081 589 4160 poterit.
633 4081 766 4142 Primum
782 4081 861 4142 enim
884 4084 949 4142 eius
969 4084 1081 4159 generi,
1104 4085 1216 4163 quippe
