2752 4620
576 293 790 358 -11..

145 449 222 522 looo,
243 449 275 508 in
291 449 427 524 epistulis
442 450 567 526 saepius,
591 454 625 507 ut
639 451 675 508 ad
692 452 757 510 Att.
777 450 833 522 IX,
854 454 928 522 13,1
954 451 997 507 lli
1016 451 1125 526 quidem
1142 469 1220 509 moro

143 552 254 609 scelera
278 552 444 628 loquuntur.
476 553 518 610 ib.
545 558 562 610 8
586 551 736 610 Dolabella
765 555 826 610 suis
854 553 960 609 litteris
982 571 1090 609 merum
1116 552 1219 610 tellum

146 655 284 731 loquitur,
309 656 346 713 of.
371 655 458 715 etiam
483 655 641 714 Krousium
664 656 684 713 l.
700 656 721 713 l.
740 676 769 731 p.
784 659 832 712 25.

231 757 341 816 Prooul
363 766 461 816 autom
486 757 576 816 dubio
598 757 630 815 in
653 758 730 817 hano
748 757 872 818 classem
895 756 1130 816 deminutiva
1151 763 1221 816 sunt

145 859 321 934 redigenda:
353 878 430 938 quoe
452 859 592 939 quoniam
615 880 675 919 non
698 861 772 919 adeo
801 860 894 919 multa
920 862 1016 919 habeo
1038 878 1220 931 enumerare,

144 961 246 1020 statim
269 981 335 1019 oum
357 962 395 1020 iis
417 963 575 1037 adiungam
599 982 633 1022 ao
654 963 823 1038 promiscue
845 964 979 1043 quidem,
1008 963 1033 1021 si
1056 981 1115 1040 qua
1135 963 1219 1022 invo-

145 1063 269 1123 niuntur
290 1066 383 1124 verba
411 1064 682 1140 iterativaw),
715 1066 878 1143 composita
899 1086 966 1125 oum
988 1085 1073 1124 oon·
1095 1083 1220 1139 praepo·

146 1165 332 1242 sirionem),
367 1167 515 1228 adieetivo.
545 1167 577 1225 in
609 1166 722 1226 -bilis
753 1169 1022 1245 terminantium),
1057 1167 1220 1242 composita

145 1268 526 1345 πωροι-8611111033).
572 1269 725 1328 Eiusmodi
757 1271 831 1329 haoo
860 1271 981 1328 omnino
1010 1270 1097 1329 nobis
1119 1289 1220 1328 ooour-

144 1376 263 1439 rerunt:

232 1474 299 1532 Mil.
321 1479 360 1532 69
385 1475 744 1551 commutabilis³³).

230 1577 311 1634 Phil.
328 1577 370 1649 II,
389 1582 425 1634 41
451 1577 705 1656 factitarofl).

230 1679 270 1737 ib.
289 1679 327 1737 77
352 1681 582 1755 cauponula.
606 1673 657 1750 lp.
680 1677 732 1758 εἰρ.

230 1781 343 1854 111,21
369 1782 624 1854 sententiola,
656 1785 734 1861 quod
757 1783 977 1843 substantivum
1000 1782 1078 1857 apud
1100 1782 1217 1840 Oiooro-

144 1901 221 1956 nom,
244 1891 279 1944 ut
299 1885 418 1944 videtur
440 1886 498 1944 hoo
519 1905 578 1943 uno
599 1891 698 1945 exstat
719 1884 856 1962 100035).

229 1987 285 2058 XI,
304 1992 320 2044 5
344 1993 513 2062 gesturo:
528 1989 585 2046 hoo
600 2008 659 2046 uno
676 2007 715 2046 ox
729 1995 815 2048 orutt.
833 1994 931 2048 exstat
946 1989 1011 2046 looo
1027 2006 1082 2046 neo
1097 1986 1217 2045 omnino

145 2087 221 2148 alius
244 2110 284 2146 ex
305 2091 457 2150 Ciceronis
479 2090 598 2166 scriptio
620 2091 753 2149 affertur.

228 2192 327 2251 ib.12
350 2195 552 2254 nutricula
574 2196 612 2255 of.
632 2195 699 2254 Vat.
718 2193 808 2271 4³⁶).

227 2294 300 2370 imp.
317 2297 422 2372 Pomp.
441 2302 478 2355 61
504 2298 811 2373 peradulesoons
832 2289 884 2354 ἅνω.
907 2293 959 2372 εἰρ.

229 2396 304 2455 ibid.
323 2403 361 2455 63
385 2400 684 2479 periniquus³⁷).
716 2400 800 2464 Quae
823 2421 889 2460 oum
912 2401 969 2457 duo
989 2397 1136 2457 udiootiva
1157 2396 1217 2455 sin·

143 2499 258 2572 gularia
280 2520 345 2558 oum
366 2520 434 2576 por·
457 2502 567 2561 suffixo
590 2502 753 2578 composita
780 2504 813 2560 in
842 2505 897 2562 hao
925 2509 1045 2561 exstent
1073 2499 1217 2571 oratione,

56 2614 59 2620 '
142 2621 202 2659 non
225 2601 411 2676 improbatur
433 2605 520 2664 nobis
543 2605 688 2678 Klotzius,
712 2607 763 2685 qui
787 2606 861 2683 §46
885 2604 1144 2681 permolestus
1165 2602 1217 2658 ad·

140 2703 281 2762 ieotivum
304 2705 476 2765 oonioiondo
496 2708 637 2783 protulit,
669 2727 848 2786 quamquam
870 2708 900 2765 id
924 2707 956 2765 in
978 2706 1128 2765 Ciceronis
1152 2723 1216 2762 ora·
1255 2731 1257 2735 ·

211 2956 253 3025 29)
272 2961 304 3008 os.
322 2960 444 3008 Wo'lffliu.
463 2976 488 3022 p.
503 2963 551 3009 167
564 2975 619 3020 sqq.

211 3043 255 3108 ³0)
271 3047 304 3094 ib.
322 3063 346 3108 p.
362 3049 420 3094 161.

213 3130 256 3195 31)
274 3132 382 3192 Robliug
399 3134 446 3182 11.
466 3147 490 3193 p.
504 3135 544 3180 14.

211 3214 253 3283 32)
272 3217 394 3266 wolfflin.
413 3233 436 3278 p.
453 3219 510 3266 164.

210 3299 253 3368 33)
272 3304 303 3352 do
316 3318 364 3363 quo
376 3303 497 3351 adieetivo
510 3304 648 3350 Freundius
660 3305 686 3348 in
698 3305 848 3350 onomastioo
861 3318 904 3351 suo
917 3306 978 3351 huoo
990 3305 1104 3351 adnotat:
1123 3304 1214 3360 „molir-

141 3389 204 3434 malo
222 3386 260 3434 oa·
277 3388 333 3446 Oto..
352 3390 440 3436 einmal
457 3390 495 3437 bei
512 3391 619 3449 Quintil,
638 3396 703 3436 solist
720 3389 835 3436 olelleloltl
851 3391 988 3449 nquendo.“
1022 3391 1051 3435 In
1064 3388 1216 3435 orationibus

141 3478 222 3520 numm
241 3474 328 3522 Cicero
346 3489 443 3534 quoque
461 3477 538 3522 semel
557 3490 586 3523 oo
604 3477 688 3535 utitur,
708 3481 792 3522 nostro
811 3476 905 3522 scilieet
923 3476 984 3521 loco.

210 3559 253 3623 34)
272 3575 297 3606 v.
316 3561 452 3607 Hollmuth.
472 3563 486 3620 ᾖ
506 3565 547 3609 26.

210 3643 253 3708 35)
271 3648 394 3706 Persaopo
412 3647 518 3692 ooourrit
536 3647 597 3694 huoo
614 3662 664 3694 vox
683 3647 748 3707 apud
760 3646 852 3706 Quint,
871 3650 999 3705 praetereo
1012 3647 1215 3706 invoniturupud

142 3727 249 3776 Gellium
266 3737 290 3778 ot
307 3733 371 3791 apud
388 3733 540 3778 Petronium.
597 3729 600 3733 ’

210 3814 254 3879 36)
272 3817 344 3877 Apud
361 3817 492 3865 Horatium
510 3818 571 3864 hooc
589 3831 639 3863 vox
657 3819 734 3864 semol
752 3821 884 3877 usurpatur
901 3817 927 3864 in
939 3818 1010 3878 epist.
1023 3819 1043 3876 1,
1056 3822 1081 3878 4,
1093 3819 1123 3866 8:
1141 3833 1213 3878 prue-

142 3905 210 3948 torou
235 3903 371 3950 afferuntur
398 3904 445 3951 looi
470 3903 554 3963 Quint.
578 3905 680 3963 luvam,
706 3904 769 3951 oddo
793 3904 930 3952 Domitium
954 3904 1063 3952 Marsum
1086 3919 1125 3965 ap.
1147 3904 1214 3952 Suet.

140 4001 242 4046 gramm.
264 3991 294 4037 16
312 3988 435 4050 „Epirota
452 3990 590 4037 tenellorum
607 3989 728 4036 nutricula
745 3994 850 4038 vatum.“

208 4072 252 4137 37)
270 4076 352 4124 nullus
370 4077 435 4123 alius
452 4093 482 4124 ex
501 4076 619 4124 Cicerone
636 4077 705 4123 locus
722 4081 819 4136 praeter
838 4083 948 4128 nostrum
965 4080 1067 4127 affertur
1084 4079 1132 4128 nisi
1143 4079 1214 4125 Fam.

140 4161 182 4220 12,
203 4163 242 4221 18,
260 4176 291 4210 ox
308 4163 365 4210 aliis
382 4163 475 4223 scriptt.
495 4179 558 4212 uuus
575 4163 674 4210 Firmio.
693 4164 768 4211 Muth.
789 4168 810 4222 1,
830 4169 853 4213 3.
