2752 4620
578 269 789 339 „59-

611 593 695 681 cop.
717 595 760 664 V.

531 717 584 768 mo
598 717 839 777 munna

234 853 294 912 Cur
326 852 404 912 hano
438 852 601 914 orationem
635 852 792 914 seiunctim
825 855 1008 915 momudam
1040 860 1220 931 putaremus,

149 974 238 1013 unam
261 954 320 1013 iam
342 975 432 1032 supra
453 974 570 1015 oausam
592 955 690 1016 obiter
711 956 871 1032 attigimus.
915 957 972 1017 Sed
1000 977 1072 1016 num
1100 956 1220 1017 omnino

148 1057 222 1116 haee
244 1056 339 1118 oratio
361 1057 393 1115 iu
415 1057 621 1117 tractationem
644 1062 774 1117 nostram
797 1058 931 1118 adhiberi
954 1059 1063 1135 possit,
1094 1058 1222 1119 aliaest

149 1159 294 1238 quaestio,
316 1179 393 1240 quae
408 1160 458 1221 vel
480 1161 563 1239 prior
585 1161 624 1221 sit
638 1159 836 1221 diiudicanda.
879 1161 1024 1222 Cohaeret
1038 1164 1113 1223 haee
1128 1181 1219 1242 quae-

150 1260 206 1321 stio
237 1282 302 1322 oum
332 1263 471 1339 flagranti
500 1263 553 1323 illa
582 1260 707 1333 νοθείας
732 1267 820 1336 nota,
853 1281 943 1343 quam
964 1264 992 1323 ei
1015 1263 1084 1324 olim
1112 1264 1222 1325 inussit

147 1363 229 1426 Frid.
243 1366 320 1442 Aug.
337 1365 471 1426 Wolfius.
515 1366 584 1426 Non
606 1371 659 1438 est,
682 1385 734 1426 eur
754 1369 915 1426 vereantur
935 1366 1015 1442 regis
1035 1365 1218 1443 philologiae

149 1485 265 1541 manes,
295 1487 333 1527 ne
355 1488 387 1528 se
409 1469 477 1546 plus
499 1470 591 1529 semel
611 1471 670 1529 iam
694 1468 859 1546 exagitatae
881 1469 977 1528 denuo
1000 1469 1141 1547 ampliore
1163 1469 1221 1529 dia·

148 1570 305 1648 putatione
326 1570 415 1631 velim
444 1572 591 1631 exaitare:
622 1592 683 1631 nou
705 1589 753 1631 res
775 1571 849 1629 mihi
872 1575 918 1629 est
939 1591 1005 1629 oum
1026 1571 1100 1647 ipso.
1144 1572 1221 1628 Nam

145 1671 222 1730 illud
243 1671 368 1732 etmihi
390 1673 487 1733 habeo
509 1692 681 1749 persuasum
704 1691 759 1733 nee
778 1672 825 1744 iis,
848 1671 901 1751 qui
924 1670 1011 1731 aliter
1031 1672 1169 1744 sentiant,
1194 1671 1219 1730 si

89 1837 91 1841 ¹
149 1773 269 1852 quidem
291 1779 377 1849 sunt,
400 1776 578 1852 persuadere
600 1777 730 1835 oonabor
752 1779 804 1834 aut
825 1778 957 1834 nostram
980 1773 1143 1832 orationem
1165 1776 1217 1832 aut

149 1875 260 1934 nullam
277 1877 406 1950 omnino,
430 1897 506 1958 quae
527 1879 622 1937 fertur
644 1880 699 1937 sub
717 1876 838 1937 nomina
852 1875 998 1950 Tulliano,
1020 1895 1138 1938 revera
1156 1895 1220 1936 esse

150 1978 394 2058 Oioeronis¹⁴⁸).
445 1980 503 2038 Sed
533 1980 623 2041 etiam
659 1979 813 2060 plerisque
838 1978 930 2040 wolfi
962 1977 1146 2058 aliorumque
1174 1998 1220 2038 re·

150 2080 401 2156 protensionibus
430 2082 552 2143 remotis
574 2081 722 2159 permulta
741 2087 841 2142 umen
861 2082 958 2140 adhue
980 2081 1154 2160 quibusdam
1175 2099 1221 2138 ra-

149 2201 269 2242 manere
291 2183 471 2245 videbantur
493 2185 576 2244 etin
598 2184 698 2246 verbis
721 2189 752 2244 et
773 2184 805 2241 iu
828 2182 999 2257 sententiis,
1030 2202 1106 2264 quae
1128 2184 1221 2242 offen·

150 2285 269 2345 dorent:
300 2292 335 2346 ut
356 2287 558 2348 Eberhardiue
586 2288 618 2346 in
641 2286 824 2365 praefatione
854 2284 994 2346 editionis
1014 2285 1222 2347 Riohterianae

149 2388 257 2448 iterum
278 2407 342 2477 ase
357 2396 476 2451 auratae
497 2391 571 2451 haee
592 2390 665 2452 dioit
685 2410 715 2468 p.
734 2394 787 2450 11:
809 2390 960 2466 ,Dagagen
983 2389 1049 2449 sind
1074 2389 1125 2449 der
1146 2388 1221 2465 logi-

150 2493 240 2553 sehen
262 2493 323 2551 und
346 2493 399 2553 der
420 2495 627 2570 spraohliohen
651 2498 794 2555 Anstbsse
817 2513 849 2552 so
871 2492 964 2566 viele,
988 2493 1049 2552 und
1072 2493 1124 2551 das
1146 2491 1220 2565 Bild,

150 2596 201 2655 das
223 2614 283 2656 von
304 2595 408 2663 Oioero
430 2599 564 2673 gegeben
586 2598 678 2670 wird,
710 2597 751 2656 ist
772 2595 821 2655 ein
843 2615 877 2655 eo
898 2594 1124 2666 bedeukliohes,
1157 2594 1222 2653 dass

150 2716 202 2757 aas
224 2697 462 2774 pidagogisohen
486 2699 627 2759 Griinden
650 2700 698 2758 die
720 2697 905 2773 eingehande
924 2696 1094 2773 Erkiitrung
1115 2696 1148 2754 in
1171 2697 1222 2755 der

149 2799 255 2859 Klasse
276 2797 361 2860 nieht
375 2801 636 2878 empfehlenswert
650 2799 800 2861 ersoheint
811 2797 902 2874 ¹⁴⁴).‘
944 2799 987 2860 cf.
1003 2799 1092 2860 etiam
1108 2795 1219 2857 Kelleri

219 3021 279 3087 14³)
296 3023 335 3071 Ne
346 3023 402 3083 qais
419 3037 459 3071 me
477 3026 566 3083 arguat
582 3027 610 3069 ut
627 3020 701 3069 nimis
718 3021 871 3082 petulantem
888 3035 1023 3082 parumque
1034 3019 1217 3070 verecundum:

150 3107 310 3168 quiquidem
326 3108 375 3156 viri
391 3106 598 3170 praestantissimi
622 3105 738 3154 eximium
761 3107 904 3167 sagaoitatis
927 3111 953 3155 et
970 3107 1095 3156 doetrinae
1121 3107 1220 3155 modum

149 3194 223 3242 etiam
241 3200 294 3242 tmn
311 3208 360 3242 non
379 3207 480 3255 possam
497 3207 547 3241 uon
565 3193 664 3251 mirari,
690 3192 732 3240 ubi
749 3193 908 3240 manifestum
926 3194 959 3240 sit
976 3193 1040 3240 male
1058 3207 1088 3240 aa
1105 3207 1160 3240 esse
1177 3192 1220 3239 ad·

149 3281 235 3330 hibita.
270 3282 323 3329 Nae
347 3294 408 3329 vero
434 3281 515 3328 faeere
540 3294 654 3340 possum,
683 3282 743 3339 quin
768 3283 843 3344 plane
868 3295 908 3329 me
934 3279 1117 3340 eouspirantem
1143 3279 1221 3325 fatear

149 3368 311 3429 moriptorem
327 3367 380 3414 eius
398 3365 547 3425 sententiae,
574 3380 648 3426 quam
664 3366 706 3414 rr.
726 3365 856 3415 Richterus
873 3367 899 3414 in
917 3365 1024 3414 editione
1042 3368 1112 3413 oratt.
1131 3363 1220 3412 Gaesa-

149 3453 274 3501 risnsrmn
286 3453 324 3500 his
337 3452 465 3514 proposuit
475 3453 574 3501 verbis:
592 3453 660 3513 ,Used
674 3454 736 3501 aoob
751 3454 823 3512 mehr,
842 3452 881 3500 iob
897 3450 983 3512 plauto
999 3449 1061 3498 msoh
1073 3448 1144 3507 aiom,
1162 3449 1221 3497 does

155 3535 222 3598 Wolf
240 3538 291 3585 saar
311 3539 387 3586 maa
408 3545 474 3587 emat
495 3540 595 3599 esmant
618 3541 668 3587 bat.
704 3540 759 3586 Dos
780 3540 827 3586 lese
844 3537 883 3586 t'ob
899 3552 945 3585 aas
962 3537 1015 3584 dem
1032 3535 1129 3583 Soblass
1145 3536 1221 3582 rainer

155 3619 272 3669 Vonods:
296 3637 326 3670 eo
343 3625 366 3671 si
383 3623 532 3684 displicuerat
554 3625 675 3684 ootsdios'o,
701 3626 771 3672 velim
788 3624 835 3671 sabi
845 3623 1011 3684 persuadeam
1027 3622 1124 3670 lautores
1142 3628 1222 3669 mamm

149 3706 226 3767 aarum
242 3708 348 3768 campus
360 3709 441 3756 Boset
455 3724 504 3758 noa
519 3725 568 3757 ram
585 3712 673 3758 sariam
689 3725 769 3769 opere,
788 3711 831 3757 sed
845 3709 950 3757 rectiora
960 3709 1066 3758 edestam
1077 3708 1156 3755 vineto
1167 3723 1220 3754 meo

150 3791 248 3839 msam
265 3791 302 3839 aa
317 3793 361 3840 boo
377 3800 450 3841 totam
466 3809 538 3853 pamas
554 3797 692 3844 crimem
710 3796 868 3857 suspicionum
884 3810 913 3843 aa
924 3795 951 3842 ia
961 3795 1124 3856 inperatorem
1135 3808 1219 3841 monas

149 3878 244 3935 mnam,
262 3877 401 3925 motando
413 3879 507 3927 eludere
518 3879 633 3929 voluisse:
650 3883 721 3928 aman
738 3883 798 3929 boso
811 3882 992 3942 possaatfiora',
1010 3888 1033 3930 at
1050 3895 1130 3928 aero
1147 3887 1221 3927 sant

149 3963 323 4022 interdum,
343 3980 424 4024 quoe
441 3981 501 4013 aaa
518 3974 590 4013 suat
605 3967 824 4015 verisimilta‘

220 4047 281 4113 144)
299 4051 351 4098 lios
368 4077 402 4086 -
420 4055 447 4098 ut
463 4050 589 4112 paululum
607 4066 622 4099 a
639 4052 740 4112 propria
757 4066 831 4100 eausa
848 4051 990 4100 aberremus
1008 4079 1042 4087 -
1059 4066 1090 4098 ne
1108 4051 1155 4098 boo
1167 4052 1220 4110 qni-

150 4135 205 4183 dam
223 4135 280 4184 huio
298 4136 386 4184 editori
404 4135 558 4185 oouosdimus
575 4135 702 4186 Ciesronis
726 4153 808 4188 mores
833 4153 863 4187 ex
880 4139 927 4188 heo
951 4137 1061 4186 oratione
1086 4137 1220 4187 densiores
