2752 4620
577 257 703 344 ..37
750 317 791 328 ..

149 440 206 500 erit
220 459 306 515 pax,
331 441 381 498 sed
397 438 526 516 pactio
543 436 704 498 servitutis.
743 437 833 510 XIII,
851 443 890 495 24
907 441 1053 497 mentum
1069 442 1228 497 mentem-

150 561 219 622 que.
267 549 306 601 26
333 542 488 617 diruptus
507 539 784 618 dirutusque118).
833 544 869 598 31
896 541 955 614 Eos
971 540 1022 619 qui
1039 546 1124 600 erant
1139 559 1228 616 per·

150 644 227 702 diti
261 644 467 720 perdideris.
518 643 595 718 Imp.
624 643 729 719 Pomp.
762 647 795 702 l:
829 662 915 702 omne
947 661 1045 701 meum
1079 651 1228 720 tempus

147 746 308 806 amicorum
325 745 558 821 temporibus
574 746 832 805 transmittendum
850 745 953 821 putavi
966 743 1044 820 117).
1089 744 1146 821 leg.
1164 765 1226 821 agr.

148 851 208 921 Ι,2
232 848 409 925 perscribit
430 883 472 890 —
495 847 763 926 proscribit119).
812 852 849 906 10
873 847 1083 924 praefinitum
1106 882 1147 891 -
1170 847 1228 906 in·

148 949 276 1010 finitum.
325 955 361 1007 18
397 951 526 1008 deferre
548 983 589 992 —
611 950 815 1008 transferre.
870 955 909 1007 20
943 950 1165 1026 praeponitur
1188 984 1228 992 -

119 1032 333 1129 ‘opponitur
380 1057 416 1110 21
453 1051 575 1111 amissis
597 1084 639 1094 -
661 1051 882 1111 intermissis.
936 1051 999 1109 Mil.
1029 1055 1065 1109 10
1094 1073 1122 1110 v.
1140 1073 1163 1109 s.
1187 1057 1226 1109 40

149 1155 298 1214 occasio
326 1189 367 1197 -
396 1174 519 1213 causa.
575 1159 615 1212 44
647 1153 846 1215 dubitavit
874 1186 916 1197 -
945 1153 1225 1230 dubitare¹¹⁷).

151 1258 188 1315 76
220 1257 251 1315 in
274 1256 498 1336 longinquos,
530 1257 560 1313 in
584 1256 800 1336 propinquos.
846 1261 883 1314 91
915 1257 1103 1316 facibus-
1126 1254 1228 1314 falci-

147 1361 211 1418 bus.
236 1393 277 1402 —
308 1358 391 1421 Quae
419 1359 557 1433 exempla
578 1359 706 1434 augendi
736 1358 824 1418 facile
847 1359 975 1418 schedae
997 1363 1116 1419 nostrae
1140 1357 1228 1418 nobis

148 1460 373 1538 suppeditarent
388 1460 560 1520 facultates:
583 1462 634 1519 sed
650 1478 796 1533 veremur,
819 1481 857 1520 ne
873 1462 915 1521 sic
938 1461 996 1520 iam
1020 1462 1111 1520 simus
1133 1460 1225 1535 longi.

233 1565 306 1623 Cum
338 1582 398 1621 una
428 1583 494 1622 cum
517 1561 761 1622 annominatione
784 1563 874 1640 prisci
896 1568 1003 1640 poetae
1025 1563 1227 1624 allittera-

148 1668 254 1727 tione
276 1666 321 1724 usi
346 1665 416 1738 sint,
438 1666 527 1725 liceat
548 1665 635 1724 nobis
658 1665 706 1724 hic
722 1666 759 1723 de
773 1665 986 1726 allitteratione
1002 1684 1095 1742 pauca
1111 1666 1229 1738 addere,

151 1787 328 1846 quamquam
353 1786 408 1826 nos
430 1787 489 1826 non
512 1766 591 1840 fugit
612 1766 644 1823 in
662 1766 886 1842 compositionis
901 1767 984 1826 vitiis
999 1787 1062 1825 eam
1080 1769 1117 1826 ab
1133 1767 1227 1830 Quin-

148 1871 252 1930 tiliano
270 1869 325 1942 IX,
343 1875 373 1940 4,
389 1869 426 1926 37
441 1888 506 1947 sqq.
531 1868 688 1927 numerari.
732 1868 822 1927 Cuius
844 1868 1067 1928 allitterationis
1090 1870 1228 1947 exempla

149 1971 297 2048 permulta
314 1991 352 2030 ex
368 1971 473 2046 primis
492 1971 605 2029 duabus
622 1970 806 2030 orationibus
818 1971 1014 2047 Landgrafius
1024 1971 1044 2031 l.
1057 1973 1076 2032 l.
1088 1993 1118 2048 p.
1132 1978 1169 2031 10
1183 1993 1227 2052 sq.

149 2073 264 2146 attulit,
295 2074 346 2153 qui
369 2072 448 2131 idem
470 2072 536 2132 iure
557 2074 683 2132 fortasse
705 2073 785 2133 hunc
808 2093 894 2132 usum
917 2075 954 2132 ad
977 2075 1140 2135 Asiaticum
1165 2096 1227 2134 mo-

148 2198 210 2238 rem
224 2175 349 2237 rettulit.
392 2175 449 2234 Sed
472 2195 510 2234 ne
531 2175 564 2233 in
586 2175 801 2251 posterioribus
824 2176 948 2256 quidem
962 2177 1147 2237 orationibus
1170 2179 1226 2236 hac

147 2280 336 2339 exornandae
369 2277 545 2337 elocutionis
578 2278 694 2338 ratione
728 2277 907 2338 abstinuisse
944 2278 1116 2338 Ciceronem
1153 2282 1226 2340 haec

149 2385 256 2442 docent
278 2380 431 2458 exempla:
454 2382 533 2456 imp.
557 2381 679 2456 Pomp.
707 2385 741 2440 11
767 2382 895 2439 vibentis
916 2400 952 2439 uc
973 2381 1149 2440 verberibus.
1186 2386 1224 2440 13

146 2487 279 2563 quom'um
294 2485 388 2544 libere
405 2486 492 2561 loqui
505 2503 562 2541 nou
577 2487 660 2543 licet.
707 2489 746 2542 21
766 2487 853 2544 aditu
869 2489 1061 2562 aduentuque.
1109 2490 1148 2543 30
1166 2486 1225 2543 bel·

148 2588 204 2644 lum
309 2587 452 2647 sublatum
483 2603 518 2643 cc
540 2586 695 2662 sepullum.
743 2587 782 2644 37
812 2589 944 2645 nomino
973 2589 1135 2646 numanum.
1184 2592 1222 2645 51

147 2707 181 2747 rc
202 2708 237 2746 uc
259 2691 385 2747 rctiouc.
434 2694 472 2746 59
498 2689 565 2765 frui
590 2688 670 2745 debet
698 2691 801 2746 summi
826 2691 889 2747 viri
907 2691 969 2746 vitu
996 2697 1082 2766 utque
1102 2692 1221 2747 vs'rtule.

149 2793 186 2848 67
212 2791 325 2848 uidebo!
346 2792 418 2847 cuim
434 2799 588 2860 praetores
604 2791 784 2859 locupletari
795 2792 949 2866 quotannis
962 2794 1088 2861 pecunia
1107 2789 1225 2861 polluo

146 2901 267 2963 praeter
295 2912 417 2964 paitcos.
463 2893 534 2968 leg.
558 2911 633 2967 agr.
655 2892 686 2964 I,
713 2897 749 2950 15
781 2893 931 2970 infinitum
955 2903 1039 2971 utque
1060 2895 1224 2953 intoleran-

147 2993 222 3051 dum.
271 2995 309 3052 27
333 3013 405 3072 quac
419 2996 498 3053 vz'luc
512 2997 562 3053 viu
575 2993 723 3073 sucz'llime
736 2997 818 3053 viros
841 2995 930 3052 boreos
953 2996 994 3054 ud
1013 2997 1147 3054 honorem
1166 3038 1172 3052 .
1189 3037 1220 3052 ..

145 3096 293 3173 perducet.
340 3097 414 3157 Mil.
438 3103 456 3155 9
488 3101 521 3157 vi
542 3101 590 3157 vis
613 3097 697 3156 illuto
719 3097 892 3174 defenditur.
943 3104 981 3157 30
1009 3101 1043 3158 vi
1062 3100 1141 3157 victu
1164 3101 1221 3157 vs‘s.

147 3205 187 3258 42
209 3200 338 3258 fabulum
360 3203 462 3259 fiotum
484 3201 602 3259 fulsum.
650 3201 689 3258 67
712 3201 968 3280 vr'rivues120).
1016 3206 1055 3259 69
1078 3203 1164 3260 varic
1179 3203 1224 3260 vi-

147 3311 194 3360 tnc
212 3344 218 3358 .
236 3344 242 3358 .
261 3345 268 3359 .
287 3307 365 3361 rrrub
380 3340 422 3349 —
437 3323 516 3379 vogn
538 3304 728 3381 volubilisque
740 3303 879 3382 fortuna.
926 3306 964 3362 77
987 3309 1067 3380 leges·
1089 3303 1220 3374 libertos,

145 3407 243 3474 pudor
272 3409 431 3477 pudicitia.
486 3412 525 3464 82
558 3410 608 3465 vir
639 3425 707 3464 vere
735 3407 882 3483 putandus
908 3416 960 3464 cst.
1008 3405 1103 3464 Phil.
1127 3407 1158 3478 I,
1185 3407 1221 3464 17

146 3524 207 3564 nou
229 3518 331 3580 mutu,
362 3528 422 3568 nou
446 3528 560 3568 moveo.
609 3515 625 3568 5
649 3511 786 3586 eidemque
807 3509 916 3567 bustum
939 3511 969 3567 in
990 3512 1057 3567 foro
1079 3512 1220 3578 facerent,

147 3611 199 3685 qui
218 3610 295 3667 illum
318 3613 492 3688 susepultum
523 3614 703 3689 sepulturum
731 3612 889 3692 effecerunt
909 3621 938 3669 et
1037 3613 1149 3688 perditi
1173 3613 1222 3669 do·

147 3713 236 3770 mines
341 3734 402 3771 eum
433 3717 490 3774 eui·
512 3713 657 3775 seruilibus
689 3717 784 3774 seruis
814 3715 900 3774 tectis
930 3733 965 3772 uc
995 3716 1112 3792 templis
1142 3714 1222 3772 urbib

219 3880 279 3946 113)
297 3883 328 3930 of.
347 3883 451 3931 Manutil
469 3883 552 3931 adnot.
571 3884 602 3931 ed
620 3884 686 3931 hunc
703 3886 793 3932 locum.

217 3967 277 4032 114)
294 3970 427 4018 secundum
444 3970 563 4030 Naugerii
581 3971 746 4018 coniecturam
772 3971 859 4031 procul
883 3970 958 4018 dubio
985 3970 1139 4030 probandam
1163 3971 1220 4018 coll.

146 4058 292 4117 praesertim
310 4058 325 4118 5
343 4061 368 4106 4.

217 4139 275 4209 120)
294 4144 342 4192 nisi
359 4145 423 4192 forto
440 4145 488 4191 hoc
505 4144 645 4204 exemplum
661 4144 726 4191 inter
744 4143 956 4192 annominstiones
974 4143 1055 4190 mavis
1072 4143 1172 4189 referre.
