2752 4620
576 227 791 292 ‚45-

147 400 212 439 oum
243 381 296 455 iis,
328 402 403 462 qnos
434 401 524 458 supra
545 384 854 457 commemoravimus,
886 391 1071 462 comparatus
1094 388 1224 446 numeris

147 503 207 542 non
229 483 272 544 ita
294 505 419 561 magnus
441 485 601 546 videbitur.
646 487 751 564 Neque
780 487 811 544 id
833 491 879 546 est
902 488 1112 561 omittendum,
1144 491 1223 568 quod

145 586 214 646 talis
237 588 451 661 abundantiae,
484 589 603 667 qualem
626 607 716 665 supra
738 608 777 646 ex
799 590 859 650 div.
883 591 917 648 in
941 588 976 652 Q.
1000 592 1084 649 (laea.
1108 593 1223 651 notavi-

145 709 219 762 mus,
241 690 291 748 ubi
316 689 404 765 plane
426 690 504 748 idem
529 691 729 765 significantia
750 693 843 751 verba
866 693 1096 768 coniunguntur,
1121 713 1223 752 exem-

146 791 228 867 plum
260 793 314 853 vix
344 812 383 851 ex
415 793 549 852 oratione
582 813 610 870 p.
635 794 702 853 Dei.
727 796 797 853 hab.
829 796 951 855 erueris.
997 797 1105 855 Confer
1135 797 1223 855 etiam

147 893 224 951 Phil.
241 893 315 967 VII,
337 900 354 952 8
380 915 485 972 quaeso
508 915 624 973 oroque.
673 902 712 953 22
732 899 818 973 pleno
841 917 876 955 aa
898 899 1007 977 referto
1022 897 1108 977 fora.
1153 899 1224 974 imp.

148 996 200 1054 (lu.
222 997 326 1072 Pomp.
352 1003 368 1055 5
401 1000 518 1076 deposci
537 1007 622 1075 atque
644 1001 747 1078 armti.
798 1005 834 1057 18
855 1003 951 1076 gnari
970 1009 1055 1078 atque
1076 1001 1222 1059 industrii.

149 1104 187 1157 21
213 1100 294 1158 adita
316 1108 501 1179 aduentuque.
542 1107 582 1159 48
606 1103 678 1161 aelle
701 1112 728 1159 et
751 1111 858 1178 aptare.
895 1105 933 1160 57
958 1107 1104 1180 adpetenti
1124 1114 1152 1161 et
1170 1123 1224 1179 po-

147 1203 281 1261 stulanti.
327 1204 384 1278 leg.
408 1223 469 1278 agr.
492 1206 522 1277 I,
549 1209 586 1263 16
615 1224 746 1282 premere
774 1214 859 1282 atque
882 1226 995 1282 argere.
1044 1207 1106 1265 Mil.
1131 1212 1149 1263 2
1180 1225 1225 1262 re-

147 1314 229 1362 creat
249 1314 279 1361 et
298 1305 402 1382 reficit.
448 1307 525 1364 Phil.
541 1308 599 1380 VI,
619 1312 656 1366 la
687 1306 833 1365 eaeztbado
856 1309 1049 1386 vigilaboque.
1099 1309 1223 1380 VIII,8
1307 1308 1313 1329 '

147 1409 227 1484 quod
250 1409 419 1484 exemplum
442 1410 474 1467 in
496 1411 773 1470 annominationnm
791 1429 914 1469 numero
932 1412 1093 1470 attulimus.
1126 1411 1164 1483 X,
1184 1416 1220 1468 21

146 1513 236 1568 armis
258 1514 418 1589 animisque
441 1511 619 1590 infestam
644 1516 910 1591 inimicamque.
957 1513 1047 1587 XIII,
1067 1520 1104 1572 12
1136 1517 1224 1571 rater-

144 1623 241 1690 pretes
276 1619 508 1693 internuntiique.
560 1616 644 1674 Adde
668 1616 725 1690 leg.
749 1635 809 1691 agr.
832 1617 862 1688 I,
890 1620 926 1673 16
961 1617 1089 1674 sirenibus
1123 1618 1225 1674 uirentis

147 1718 306 1774 devinctam
322 1727 351 1774 et
365 1720 563 1776 eortstrietarn.
610 1718 703 1776 Adice
724 1719 813 1777 etiam
834 1719 908 1776 haee
924 1719 1073 1793 congeriei
1089 1718 1225 1789 exempla

147 1818 293 1892 insignia:
323 1820 386 1878 Mil.
406 1822 444 1879 67
478 1830 562 1896 atque
593 1819 647 1877 illa
677 1823 771 1878 amnia
801 1822 830 1877 ia
862 1821 937 1877 dane
967 1839 1052 1878 anam
1080 1822 1221 1890 instituta,

145 1929 264 1997 parata,
291 1923 441 1981 intentata.
475 1927 530 1979 101
556 1943 593 1979 ear
611 1923 666 1980 das
690 1923 760 1980 arbe
781 1923 952 2000 ermelletar,
978 1922 1225 1995 exterminabitur,

146 2025 316 2100 proicietur.
364 2023 442 2083 Phil.
460 2026 501 2097 II,
519 2025 557 2081 70
583 2024 684 2081 belluna
708 2026 800 2095 ciuile,
826 2026 902 2103 qumi
922 2034 1031 2094 natam,
1058 2027 1221 2105 carfiatum,

148 2136 309 2202 anteceptam
333 2146 418 2203 opera
442 2137 491 2185 tua
514 2138 566 2185 est.
614 2128 692 2186 Phil.
711 2128 745 2201 V,
763 2133 801 2185 29
834 2129 959 2185 eaelasit
988 2128 1068 2186 illam
1099 2149 1117 2187 a
1141 2149 1225 2207 rapa-

150 2229 238 2299 dliea,
264 2230 414 2299 distraait,
440 2233 614 2308 segregavit.
653 2232 694 2289 ib.
712 2236 748 2288 51
773 2234 920 2307 promitto,
946 2232 1065 2306 resipio,
1090 2232 1224 2308 sporades.

151 2331 235 2404 VIII,
256 2333 291 2390 17
325 2336 509 2411 contempsit,
541 2336 657 2405 reiecit,
690 2335 864 2412 repradraait.
912 2335 968 2407 XI,
986 2339 1026 2391 22
1057 2343 1088 2391 at
1109 2335 1223 2406 relicto,

149 2435 271 2505 deserto,
293 2436 423 2511 prodito.
470 2425 543 2512 XII,
564 2443 576 2495 l
599 2436 679 2516 falli
699 2438 801 2515 decipi,
827 2457 941 2495 errare.
987 2438 1044 2512 leg.
1060 2456 1121 2513 agr.
1142 2440 1166 2510 I,
1184 2444 1223 2495 26

149 2537 289 2594 inclusam
313 2540 426 2611 malam,
453 2543 616 2599 intestinam
640 2551 725 2619 atque
747 2542 928 2599 domesticam
951 2550 1004 2597 est.

235 2642 372 2721 Denique
401 2644 430 2701 id
454 2663 563 2723 quaeso
593 2644 751 2719 respioias,
781 2644 861 2722 qnod
891 2643 922 2700 in
951 2662 993 2701 or.
1018 2661 1047 2717 p.
1068 2643 1134 2700 Dei.
1157 2644 1225 2701 hab.

151 2741 267 2818 singula
298 2746 497 2805 abundantiae
527 2746 664 2820 exempla
694 2764 747 2820 per
774 2749 865 2803 totam
891 2743 1054 2801 orationem
1077 2749 1146 2802 sunt
1168 2743 1225 2801 dis-

151 2864 253 2920 persa,
286 2852 388 2906 eontra
410 2847 480 2904 alibi
503 2846 534 2904 iu
558 2866 650 2904 unum
672 2866 761 2921 saepe
783 2847 879 2904 laeum
904 2851 1043 2920 congesta
1064 2849 1153 2925 atque
1176 2865 1225 2903 ou-

151 2947 270 3020 mulata,
294 2968 353 3027 quo
373 2948 465 3009 multo
483 2949 518 3008 fit
534 2950 716 3008 abundantia
733 2948 927 3022 manifestior,
951 2954 999 3008 ut:
1021 2949 1099 3008 Phil.
1110 2949 1169 3021 HI,
1184 2954 1222 3006 33

152 3050 269 3107 aVatlum
294 3064 403 3128 tempas
424 3054 565 3111 dimittam
588 3071 699 3129 neque
729 3053 900 3110 diurnum
930 3072 1046 3129 neque
1074 3061 1226 3109 nostrar-

151 3171 245 3222 nam,
272 3156 339 3230 qaia
357 3155 391 3211 de
408 3156 540 3213 ii'bertate
558 3156 662 3232 papali
682 3156 804 3213 Romani
823 3164 852 3212 et
872 3155 1012 3230 dignitate
1035 3164 1130 3212 vestra
1152 3156 1228 3232 quod

130 3259 388 3332 'cogitandam
419 3261 484 3331 sit,
517 3261 695 3335 cogitem,
729 3260 805 3336 quaed
833 3258 1009 3334 agendam
1038 3257 1226 3335 atqaesa-
1276 3329 1278 3334 y

152 3360 331 3431 siendum,
368 3364 400 3421 id
427 3382 483 3420 raon
514 3363 594 3420 modo
624 3382 680 3420 raon
702 3381 847 3432 recusem,
881 3362 932 3418 sed
952 3363 1037 3418 etiam
1059 3369 1225 3436 apapetam

152 3472 265 3539 atque
287 3465 493 3542 deposcam.
541 3466 576 3539 V,
594 3470 633 3523 40
659 3467 748 3541 (laam
772 3463 806 3522 ob
823 3482 938 3522 eausam
961 3465 1099 3519 iustam
1122 3472 1226 3539 atque

154 3583 311 3642 magnam
334 3577 362 3625 et
378 3570 453 3646 qaod
471 3569 843 3645 periculosissimam
867 3566 981 3623 eiaile
1004 3565 1132 3623 bellarm
1155 3583 1227 3622 ma·

153 3675 360 3748 :rimamque
381 3672 620 3728 humanitate
642 3680 678 3727 et
699 3670 885 3745 sapientia
908 3687 959 3724 sua
982 3668 1025 3725 M.
1045 3669 1167 3744 Lepidus
1189 3667 1229 3725 ad

149 3792 274 3850 parem
297 3774 459 3830 conrard
464 3775 476 3829 i
484 3792 501 3831 a
511 3791 608 3850 mque
623 3774 774 3829 conuertit.
819 3770 902 3844 VIII,
916 3775 933 3828 8
949 3772 1011 3828 Hos
1029 3770 1129 3827 deliram
1145 3773 1227 3848 qaia·

155 3886 210 3935 tam
234 3876 320 3934 ciuile
338 3878 528 3951 geritur...
545 3877 667 3951 primam
690 3894 746 3932 nan
769 3874 850 3931 modo
872 3891 927 3930 non
945 3875 974 3930 in
991 3872 1226 3930 dissensione

153 3989 188 4037 et
209 3979 404 4037 discordia
427 3979 541 4047 oinium,
566 3979 617 4033 sed
639 3980 668 4034 in
692 3980 817 4034 munima
840 3977 1082 4033 consensione
1103 3976 1227 4032 meredi-

153 4082 257 4162 biliqae
279 4083 493 4140 eoncordia.
542 4081 642 4138 Omnes
671 4080 761 4138 idem
792 4080 938 4149 rotant,
971 4079 1064 4135 idem
1093 4075 1226 4155 defea-
