2752 4620
575 269 788 336 ..27-

146 432 222 490 ruet‘
243 429 295 506 (ib.
313 427 366 504 37)
389 426 463 507 [vid.
487 427 580 486 etiam,
600 446 680 502 supr.
704 428 773 486 adn.
793 426 831 484 79
855 447 884 503 p.
906 423 968 504 19].
1014 427 1113 485 Unum
1133 427 1220 486 forsi-

145 539 197 592 tan
219 537 312 591 restet
333 531 424 603 locus,
448 529 500 609 qui
522 527 695 604 insignioris
718 549 789 606 prae
812 550 843 590 se
865 531 944 588 ferre
965 530 1102 590 videatur
1124 537 1219 591 trans-

145 634 266 695 lationis
289 634 433 710 speciem,
456 651 495 690 ex
516 632 692 706 Ligarianae
714 632 766 692 1116
788 633 974 708 paragrapho
998 638 1034 704 9,
1058 633 1109 691 ubi
1132 634 1220 692 etiam

146 736 349 801 Quintilianus
360 737 500 795 audacem
515 736 546 792 iu
562 754 662 808 ,sensu
674 739 831 811 armorum‘
846 735 1073 794 translationem
1089 735 1220 793 animad-

145 839 246 899 vertit.
292 838 350 896 Sed
372 839 452 897 hunc
474 855 593 915 quoque
622 842 740 913 tropum
768 837 898 912 benigne
920 857 967 896 me
991 837 1107 896 monuit
1129 836 1220 894 Wila-

146 941 314 1002 mowitnius
337 960 371 999 eo
393 937 598 998 mollissimum
620 939 701 1011 fieri,
731 940 810 1018 quod
833 940 943 998 sensim
965 959 999 998 ac
1020 938 1162 1015 paulatim
1184 941 1221 997 ad

146 1062 213 1101 eum
242 1042 441 1102 ascendimus:
472 1060 542 1099 nam
572 1041 605 1098 in
626 1041 678 1099 illo
709 1043 792 1120 ,quid
815 1046 885 1100 tuus
907 1041 1022 1116 gladius
1044 1041 1220 1118 agebam)

146 1145 234 1222 plane
263 1144 353 1218 nihil,
384 1144 417 1201 in
439 1143 491 1202 illo
513 1143 608 1216 ,cuius
629 1143 707 1203 latus
729 1144 780 1203 1116
803 1165 903 1204 mucro
925 1145 1070 1220 petebat‘,
1100 1144 1220 1219 paulum

145 1249 300 1307 admodum
330 1247 474 1306 sentimus
496 1246 581 1326 quasi
603 1247 696 1307 vitam
718 1253 750 1307 61
772 1247 909 1323 spiritum
932 1247 1021 1306 armis
1043 1246 1220 1305 adiudicari:

144 1351 266 1411 eiciam
289 1370 348 1408 non
369 1350 560 1426 inopinantes
583 1349 778 1426 opprimimur
802 1349 855 1407 illo
877 1349 940 1428 ,qui
963 1369 1066 1408 sensus
1088 1355 1152 1408 erat
1174 1369 1219 1407 ar-

143 1474 258 1513 morum
285 1457 427 1526 tuorum‘,
456 1455 568 1532 quippe
591 1454 671 1532 quod
700 1453 777 1510 nihil
798 1453 879 1511 aliud
902 1452 1051 1527 significet
1072 1470 1107 1512 ac
1128 1453 1219 1512 verba

143 1556 359 1633 praecedentia.

229 1660 287 1718 His
309 1659 455 1735 expositis
477 1661 502 1718 si
524 1677 600 1736 quae
623 1659 739 1717 duobus
768 1658 816 1716 his
845 1657 949 1732 primis
978 1657 1126 1734 capitibus
1148 1658 1218 1716 effe-

145 1761 245 1833 cimus,
269 1760 500 1836 complectimur,
523 1759 581 1816 iam
604 1759 717 1816 nemini
741 1760 798 1819 erit
820 1759 951 1832 dubium,
975 1760 1048 1838 quin
1063 1760 1164 1818 Cicero
1186 1761 1219 1818 in

144 1863 254 1921 nostris
284 1862 469 1921 orationibus
498 1863 603 1941 utiquc
632 1863 669 1920 ab
700 1881 750 1934 ea,
784 1881 873 1940 quam
904 1861 1037 1940 alioquin
1067 1862 1218 1934 adamarit,

144 1965 312 2024 elocutione
333 1965 488 2025 recesserit
510 1984 635 2045 eamque
657 1967 693 2023 ad
717 1984 788 2024 sane
802 1968 922 2024 tenuem
938 1966 1084 2042 quendam
1100 1966 1218 2039 modum

144 2068 337 2128 revocaverit.

592 2319 676 2404 dap.
699 2318 770 2387 111.

533 2443 597 2492 De
626 2442 828 2504 figuris.

231 2589 257 2640 1.
303 2585 352 2641 De
379 2585 629 2653 prosopopoiia.
673 2581 746 2639 (lum
774 2582 953 2641 01661611.
998 2584 1069 2641 enui
1097 2583 1216 2655 oratori,

144 2688 179 2743 ut
194 2685 301 2742 ceteris
317 2684 530 2742 sententiarum
547 2683 649 2758 figuris
673 2684 787 2742 modice
809 2689 918 2757 utatur,
942 2687 1092 2757 concedat,
1114 2705 1216 2760 proso·

142 2785 293 2862 popoiiam
316 2806 377 2843 non
398 2785 465 2845 vult
486 2787 523 2843 ab
545 2784 597 2843 illo
620 2784 755 2843 adhiberi
777 2787 851 2844 haec
874 2787 991 2846 dicens:
1025 2807 1094 2858 ,oon
1119 2788 1218 2865 saciet

141 2886 344 2963 rempublicam
369 2886 525 2962 loquentem
547 2884 655 2943 neceb
678 2885 780 2966 inseris
803 2897 929 2945 mortuos
951 2888 1113 2947 eccr'tubr't.‘
1158 2890 1215 2948 Sed

142 3008 180 3046 ex
201 2988 276 3063 ipsis
297 2987 344 3046 1116
366 2988 466 3047 verbis
487 2988 574 3048 facile
597 2989 720 3064 colliges
741 3009 808 3048 eum
826 3011 887 3049 non
904 2992 1003 3051 omnia
1018 3011 1052 3051 ea
1068 2992 1215 3069 respicere

142 3088 293 3165 exempla,
324 3109 399 3168 quae
429 3092 658 3168 prosopopoiiae
682 3092 801 3150 nomine
823 3094 958 3154 rhetores
980 3093 1115 3154 solebant
1137 3116 1215 3155 com-

141 3193 247 3269 plecti,
276 3192 328 3250 ubi
351 3193 417 3253 aliis
439 3195 574 3270 personis
596 3200 680 3271 aptas
703 3201 821 3255 nostrae
843 3216 947 3256 causae
969 3204 1000 3259 et
1020 3200 1216 3273 cogitationes

140 3303 171 3358 et
193 3299 341 3358 orationes
364 3297 565 3373 supponimus,
589 3299 640 3356 sed
656 3303 829 3372 natantum,
853 3301 904 3358 ubi
926 3301 1072 3360 inanimae
1093 3320 1141 3360 res
1163 3308 1215 3362 aut

140 3421 283 3476 personas
304 3403 452 3459 humanae
474 3401 557 3460 vocis
580 3407 735 3478 expertes,
758 3407 792 3461 ut
815 3404 901 3476 deos,
924 3403 1037 3462 inferos
1058 3403 1214 3482 loquentes

140 3502 287 3576 fingimus.
334 3503 513 3562 Huiusmodi
536 3505 674 3581 exempla
696 3505 727 3563 in
751 3507 861 3565 nostris
883 3527 944 3564 non
965 3509 1083 3565 exstare
1106 3507 1213 3567 oratio-

140 3603 228 3661 nibus
249 3605 302 3663 rix
326 3606 414 3664 debet
436 3608 675 3680 commemorari,
707 3629 773 3668 cum
796 3609 917 3667 omnino
939 3610 1018 3684 apud
1041 3609 1213 3668 Ciceronem

139 3724 260 3782 perraro
291 3711 409 3765 tantum
439 3708 513 3768 tales
542 3710 737 3770 inveniantur
766 3712 1009 3786 prosopopoiiae,
1040 3718 1075 3772 ut
1100 3732 1139 3770 ex
1167 3714 1213 3786 iis,

141 3827 214 3887 quas
237 3808 269 3865 in
292 3810 514 3869 contentionem
536 3831 642 3870 vocare
665 3811 793 3871 solemus
817 3813 1015 3888 orationibus,
1046 3835 1138 3873 unum
1162 3835 1212 3874 cx-

139 3911 267 3988 emplum
291 3911 437 3987 possimus
459 3915 601 3989 proferre,
625 3916 704 3994 quod
727 3915 907 3992 conspicitur
928 3917 1059 3994 Philipp.
1076 3916 1166 3990 XIII,
1183 3921 1211 3989 6,

212 4129 255 4198 94)
274 4148 324 4180 uon
343 4135 421 4194 magis
439 4135 464 4181 111
482 4135 525 4181 illo
544 4140 593 4194 ,aut
611 4141 653 4182 tua
669 4138 728 4194 quid
746 4137 813 4184 aliud
830 4152 899 4185 arma
917 4139 1064 4187 volucrunt‘.
