2752 4620
575 211 788 274 ..61-

145 366 211 426 luce
234 365 341 426 elarius
364 366 404 426 sit
418 363 640 424 Marcellianum
661 365 694 423 in
716 364 778 438 tali,
803 364 899 443 qualis
914 367 1023 436 nostra,
1048 365 1221 442 quaestione
1274 389 1277 391 ·

146 488 201 528 nec
223 468 323 529 deberi
346 487 401 526 neo
423 485 509 544 posse
532 467 647 543 respici.
691 466 750 525 Sed
766 486 826 525 non
844 486 964 542 possum
989 467 1129 526 adsentiri
1152 468 1222 526 huic

147 569 292 648 opinioni.
336 571 468 629 Primum
492 569 570 627 enim
593 569 739 648 equidem,
763 586 839 647 quae
854 568 1020 627 necessaria
1043 570 1168 645 quadam
1190 570 1222 630 vi

147 673 217 732 hnic
238 672 404 733 sententiae
434 691 488 731 nos
509 670 625 746 alliget,
659 689 777 741 causam
805 689 928 747 prorsus
954 689 1016 730 non
1036 670 1134 731 video.
1179 677 1223 731 Ac

149 775 185 834 de
207 774 334 851 singulis
356 774 476 852 quidem
498 772 700 832 locutionibus
722 776 753 832 et
774 771 947 844 sententiis,
972 771 1003 830 in
1026 773 1135 851 quibus
1158 775 1223 853 qui-

149 879 215 937 dam
237 877 416 950 haerebant,
439 875 488 934 hic
511 875 627 935 dicendi
649 875 731 934 locus
754 894 814 933 non
838 879 897 946 est;
920 873 978 949 nisi
1001 893 1060 953 qua
1081 894 1120 933 ex
1140 877 1223 952 ipsis,

150 999 226 1059 quae
247 980 328 1040 infra
349 981 385 1040 de
407 998 515 1054 genere
537 978 626 1036 huius
649 977 792 1037 orationis
808 977 998 1049 disserentur,
1021 979 1057 1036 ad
1079 979 1158 1038 huno
1180 979 1224 1037 lo-

149 1103 216 1143 cum
243 1083 468 1142 redundabuntr
498 1082 549 1140 sed
578 1101 685 1152 unum,
720 1081 800 1158 quod
822 1078 871 1140 vel
892 1080 929 1138 ad
950 1078 1153 1141 inventionem
1175 1082 1225 1141 vel

150 1188 186 1245 ad
209 1185 434 1262 dispositionem
457 1183 581 1256 attinet,
604 1202 665 1242 non
687 1202 808 1260 possum
830 1182 879 1242 hio
901 1200 962 1240 non
984 1200 1224 1243 commemorare,

149 1290 273 1367 Saepius
295 1290 374 1350 enim
396 1287 454 1350 viri
477 1277 556 1348 docti
578 1287 608 1346 id
631 1291 937 1347 commemoraverunt
957 1286 1035 1345 hauc
1059 1286 1223 1346 orationem

150 1412 189 1451 ex
211 1393 323 1452 duabus
345 1392 434 1469 plane
454 1391 535 1450 inter
555 1408 586 1450 se
609 1388 751 1449 seiunctis
772 1388 907 1465 partibus
928 1392 1073 1461 eonstare‚
1097 1408 1222 1468 quarum

151 1496 242 1556 altera
259 1500 358 1555 orator
373 1492 490 1553 caesui
505 1492 615 1568 gratias
630 1497 732 1567 ageret
754 1487 789 1569 §5
805 1495 918 1562 5-20,
942 1489 1036 1549 altera
1050 1487 1083 1568 §S
1100 1496 1225 1550 21-32

151 1600 188 1658 ad
210 1616 245 1657 ea
265 1597 467 1673 responderet,
490 1614 566 1675 quae
589 1595 697 1654 Caesar
718 1594 753 1651 de
776 1591 892 1651 insidiis
914 1592 1101 1651 inimicorum
1123 1600 1226 1668 protu-

151 1702 243 1761 lisset.
287 1699 330 1757 Gi.
353 1695 708 1756 Richter-Eberhardium
724 1693 818 1770 praei.
835 1713 865 1769 p.
878 1698 918 1753 9:
940 1693 1011 1762 ,Alo
1033 1694 1227 1770 Erwideruug

152 1802 210 1878 uses
227 1804 350 1860 Caesare
372 1798 543 1875 Auspructe
571 1799 671 1855 uimmt
697 1797 739 1853 seis
769 1815 822 1853 ouo
843 1797 936 1853 dieser
959 1796 1022 1853 ihre
1043 1797 1228 1872 Anorduung

153 1910 182 1962 iu
205 1904 281 1960 awai
302 1902 395 1971 Trite,
429 1901 486 1958 die
514 1899 598 1958 teia
622 1899 754 1958 andree
777 1899 877 1957 Bund
902 1907 1013 1956 enter
1040 1899 1117 1955 sict
1147 1919 1229 1957 oer-

154 2005 307 2063 liudet.‘
351 2002 382 2061 Si
405 2003 538 2080 proiecto
562 2022 610 2062 res
630 2002 674 2062 ita
696 2021 727 2062 se
749 2002 873 2075 habeat,
897 2001 923 2061 si
946 2021 1077 2062 conexus
1099 2002 1229 2077 singula-

154 2126 219 2166 rum
241 2105 370 2183 partium
392 2125 424 2164 re
439 2125 511 2166 vera
533 2105 572 2166 sit
592 2111 653 2166 tam
676 2105 844 2178 dissolutus,
867 2104 940 2163 mihi
963 2123 1082 2184 quoque
1103 2106 1161 2164 hoo
1183 2124 1228 2164 ar-

155 2214 327 2285 gumentum
358 2209 430 2270 satis
451 2209 583 2269 indicare
605 2209 741 2269 videatur
763 2207 927 2269 orationem
955 2212 1086 2268 nostram
1109 2227 1127 2266 a
1148 2207 1229 2268 Cice-

154 2331 227 2371 rone
249 2331 310 2371 non
332 2312 368 2371 ad
392 2313 553 2372 editionem
574 2310 751 2391 perpolitam
772 2312 966 2392 limatumque
990 2330 1063 2372 esse.
1107 2310 1163 2370 Sed
1188 2345 1228 2353 -

156 2433 228 2492 pace
251 2414 345 2475 dicam
367 2416 499 2477 virorum
523 2417 616 2476 multo
640 2435 687 2475 me
710 2415 874 2476 doctiorum
895 2416 1002 2474 -hac
1025 2416 1061 2474 de
1082 2435 1115 2474 re
1137 2415 1231 2492 magis

156 2523 280 2579 externa
310 2519 453 2579 orationis
484 2521 583 2595 specie
610 2519 661 2597 (cf.
684 2516 774 2596 §212
804 2519 902 2593 ,Nunc
923 2518 1012 2580 venio
1035 2519 1071 2576 ad
1093 2519 1230 2593 gravissi-

156 2639 233 2678 mam
256 2621 417 2701 querellam
439 2627 471 2681 et
491 2621 705 2681 atrocissimam
728 2621 926 2696 suspicionem
949 2624 1031 2679 tuam
1053 2623 1157 2701 e.q.s‘)
1180 2623 1230 2681 ad·

158 2723 238 2784 ducti
269 2723 477 2783 iudicaverunt
507 2741 595 2802 quam
626 2722 777 2780 internum
809 2721 1024 2782 sententiarum
1056 2743 1166 2784 nexum
1196 2744 1230 2784 ao

157 2845 347 2903 progressum
360 2824 568 2911 respicientes.
613 2822 689 2882 Mihi
704 2806 776 2884 ¹vero
798 2824 888 2885 huius
911 2827 1053 2887 orationis
1075 2827 1230 2902 dispositio

157 2928 251 2988 multo
266 2927 361 3002 magis
377 2946 465 3007 quam
480 2927 512 2986 iu
527 2911 706 3003 panegyrico
728 2931 819 3007 atque
834 2946 873 2986 ex
892 2937 1024 3004 tempore
1047 2928 1175 3009 quidem,
1197 2937 1232 2990 ut

159 3030 251 3102 aiunt,
274 3034 412 3107 perorato
429 3035 626 3106 exspectares,
650 3029 771 3090 videtur
785 3035 922 3090 accurata
936 3039 966 3090 et
980 3031 1115 3106 diligens.
1152 3033 1230 3091 Lon-

159 3152 228 3208 gum
251 3136 297 3192 est
318 3152 421 3192 omnes
443 3132 492 3192 hic
513 3132 674 3210 particulas
694 3137 729 3192 ut
750 3134 826 3192 bene
848 3141 879 3192 et
901 3133 1092 3192 cohaerentes
1114 3138 1145 3193 ct
1163 3153 1231 3209 pro·

159 3235 297 3296 cedentes
319 3237 472 3312 detegere:
502 3255 597 3314 pauca
619 3236 785 3309 sufficient,
818 3254 894 3316 quae
916 3236 953 3294 ed
976 3254 1085 3293 nexum
1098 3236 1231 3320 ,duorum

158 3338 276 3398 illorum
310 3340 439 3416 capitum
472 3339 680 3399 illustrandum
716 3344 804 3398 erunt
835 3337 950 3421 idonea.
1000 3338 1037 3396 In
1071 3339 1231 3413 prooemio,

161 3441 239 3520 quod
262 3443 432 3505 continetur
452 3443 557 3521 primis
579 3449 720 3523 quattuor
741 3443 934 3519 paragraphis
957 3446 1056 3501 orator
1070 3446 1101 3500 et
1116 3459 1232 3501 causam

161 3552 192 3603 ct
218 3544 401 3605 occasionem
432 3545 549 3605 dicendi
578 3545 699 3604 indicat
744 3544 886 3623 Sequitur
913 3544 982 3601 iude
1009 3546 1232 3621 aparagrapho

162 3650 268 3724 quarta
289 3666 383 3725 usque
405 3647 441 3706 ad
463 3647 642 3707 tricesimam
664 3647 787 3706 alteram
808 3645 875 3722 ipsu
895 3643 1041 3704 laudatio:
1070 3666 1158 3726 quam
1181 3667 1233 3707 cx·

161 3746 235 3825 cipit
256 3747 392 3825 epilogus
414 3746 449 3827 §§
467 3754 506 3807 38
530 3753 561 3810 et
583 3754 639 3823 34,
671 3768 730 3829 quo
759 3747 891 3810 breviter
919 3747 1042 3808 iteratur
1072 3751 1232 3826 gratiarum

161 3849 254 3923 actio,
284 3854 327 3924 ,ut
346 3852 424 3912 unde
447 3852 486 3914 sit
508 3870 590 3926 orsa,
620 3851 652 3911 in
675 3848 778 3911 eodem
800 3851 977 3912 terminetur
999 3852 1113 3912 oratio!
1156 3853 1232 3911 Lau-

161 3955 241 4015 datio
257 3973 328 4014 vero
351 3973 422 4015 sane
443 3955 476 4013 in
499 3956 571 4015 duas
594 3961 639 4015 est
657 3955 754 4016 divisa
774 3961 884 4032 partes,
907 3956 1050 4036 sedquae
1067 3956 1232 4032 parimodo

162 4061 299 4134 spectant
331 4057 367 4116 ad
396 4056 491 4134 ipsam
524 4058 739 4120 laudationem:
773 4077 898 4137 quarum
930 4058 1024 4118 ultera
1052 4055 1100 4137 (SS
1118 4059 1235 4141 5—20)
