2752 4620
600 272 793 337 ..4-

159 447 224 489 esse
245 428 413 502 videamur,
443 429 482 491 id¹
498 429 577 506 quod
600 428 715 488 desinet
743 427 858 499 mirari,
893 427 945 506 qui
967 425 1047 483 illam
1072 423 1236 483 orationem

159 531 309 592 laudativo
333 531 434 606 generi
467 531 670 589 ascribendam
693 548 758 589 esse
780 527 957 587 meminerit.
1002 525 1068 590 Qua
1091 527 1126 603 de
1149 544 1237 585 causa

158 635 236 692 hanc
268 633 430 692 orationem
462 632 495 690 in
525 633 622 710 eapite
654 635 789 709 separato
820 630 1020 691 tractabimus.
1065 630 1236 688 Ceterarum

159 741 256 794 nutem
287 734 454 794 orationum
482 754 576 810 genus
608 735 807 814 disquirentes
834 733 974 791 nimirum
1006 732 1037 789 in
1061 731 1153 791 solam
1175 730 1235 788 elo-

159 837 307 897 cutionem
330 838 503 897 incumbere
518 837 716 914 voluimus5),
739 839 771 895 in
795 855 854 916 qua
868 836 1077 912 pertractanda
1100 835 1234 906 eandem,
1261 850 1272 865 ·

158 960 217 1020 qna
240 944 357 1002 veteres
379 941 423 1000 usi
448 945 517 999 suut
539 942 682 1012 rhetores,
705 940 883 1000 divisionem
902 958 1010 1014 nempe
1031 937 1179 1014 triplicem
1203 937 1235 993 in

159 1043 352 1118 elegantiam,
383 1043 574 1118 dignitatem,
608 1042 853 1117 compositionem
865 1042 894 1120 6)
926 1041 1075 1102 voluimus
1106 1043 1234 1101 subesse.

158 1148 215 1205 His
238 1145 382 1205 absolutis
405 1146 478 1203 illud
501 1146 537 1203 de
560 1144 752 1205 Marcelliano
775 1149 864 1219 caput
886 1144 1047 1203 adiciemus
1074 1163 1129 1202 nec
1153 1144 1236 1201 deni-

158 1267 216 1327 que
238 1248 336 1307 facere
358 1247 530 1322 poterimus,
555 1248 628 1327 quin
650 1247 681 1305 in
703 1251 854 1322 postremo
878 1246 975 1322 capite
999 1248 1034 1304 de
1057 1246 1235 1322 Philippicis

157 1351 258 1430 aliqua
280 1350 430 1410 addamus.

241 1453 298 1510 Sed
320 1452 415 1528 ipsam
437 1453 496 1510 iam
518 1471 581 1511 rem
604 1453 814 1526 ingrediamur,
838 1471 903 1510 cum
920 1451 1010 1510 nimis
1031 1452 1096 1509 iere
1112 1451 1233 1524 longum

157 1555 300 1631 temporis
330 1556 457 1631 spatium
491 1556 522 1613 in
553 1555 765 1632 praeparandis
795 1555 956 1615 lectoribus
986 1553 1159 1612 commorati
1190 1554 1234 1612 vi-

158 1661 288 1718 deamur.

627 1903 711 1996 (lap.
734 1908 766 1978 1.

567 2033 620 2082 De
637 2033 825 2093 elegantiis.

244 2172 361 2244 „Purus
384 2172 441 2230 erit
463 2174 494 2230 et
515 2170 639 2243 latinus,
672 2169 800 2227 dilucide
822 2170 911 2245 plane
934 2187 992 2247 que
1015 2170 1161 2240 dicebrr“,
1193 2169 1235 2226 ait

158 2276 259 2335 Cicero
282 2274 447 2332 informans
468 2278 586 2331 tenuem
611 2271 695 2329 illum
715 2276 876 2343 oratorem,
910 2289 998 2349 quem
1020 2271 1042 2328 ii
1066 2271 1117 2350 qui
1140 2271 1234 2346 ipsius

159 2397 252 2452 genus
281 2376 397 2434 dicendi
428 2376 656 2452 oppugnabant,
688 2373 783 2433 solum
806 2374 971 2433 existimari
994 2374 1126 2434 Atticum
1154 2373 1236 2434 vole-

157 2482 238 2539 bant.
283 2480 323 2538 Et
336 2479 500 2557 Dionysius
523 2479 643 2556 quidem
664 2477 696 2534 in
719 2477 829 2535 iudicio
853 2478 889 2535 de
905 2477 995 2555 Lysia
1018 2497 1079 2553 cap.
1096 2477 1131 2536 H
1152 2477 1234 2553 prin-

158 2582 218 2659 cipi
239 2581 283 2639 illi
307 2581 417 2640 oratori
439 2580 523 2639 tenui
546 2599 635 2659 quem
657 2579 795 2655 inprimis
817 2581 1027 2658 sequebantur,
1051 2581 1102 2659 qui
1123 2580 1235 2638 Romae

160 2702 279 2765 quoque
303 2683 395 2742 Attici
419 2683 561 2743 volebant
582 2681 702 2755 haberi,
733 2681 844 2757 primas
868 2683 918 2740 dat
940 2681 1116 2740 elocutionis
1143 2699 1235 2758 purae

159 2793 189 2847 et
206 2787 359 2864 propriae:
385 2778 532 2865 Καθαρός
554 2781 612 2844 ἐστι
635 2777 690 2860 τὴν
712 2780 870 2864 ἑρμηνείαν
892 2778 974 2843 πάνυ
996 2781 1045 2843 καὶ
1070 2786 1122 2860 τῆς
1143 2776 1234 2842 Ἀιτι-

157 2892 215 2966 κῆς
242 2883 374 2969 γλώσσης
403 2880 524 2968 ἄριστος
554 2881 656 2947 κανών
678 2909 711 2963 κ,
744 2880 782 2946 ori
803 2889 857 2964 τῆς
880 2882 1021 2968 ἀρχαίας,
1056 2874 1074 2970 ᾗ
1097 2882 1235 2965 κέχρηται

163 2983 291 3049 Πλάτων
319 2987 372 3050 καὶ
396 2989 602 3067 Θονκυδίδης,
635 2983 707 3049 ἄλλα
735 2992 788 3067 τῆς
815 2983 879 3051 κατ’
902 2987 1017 3050 ἐκεῖνον
1044 2983 1097 3048 τόν
1125 2983 1236 3068 χρόνον

160 3086 483 3173 ἐπιχωριαζούσης
507 3087 584 3151 acroi
610 3095 699 3153 τοῦτο
728 3088 779 3169 μὲν
809 3086 847 3168 δή
876 3087 908 3151 cd
932 3088 1039 3170 μέρος,
1070 3083 1144 3170 ὅπερ
1175 3086 1235 3148 ἐστὶ

159 3197 279 3275 πρῶτον
300 3191 352 3254 καὶ
374 3189 556 3276 κυριώτερον
579 3191 611 3254 ἒν
632 3189 740 3274 λόγοις,
764 3192 838 3274 λέγω
862 3189 895 3252 δὲ
917 3188 950 3251 cd
974 3186 1157 3270 καθαρεύειν
1180 3185 1233 3267 τήν

162 3292 314 3359 διάλεκτον
337 3293 440 3369 οὐδεὶς
462 3299 521 3357 τῶν
544 3293 793 3378 μεταγενεστέρων
815 3289 906 3355 αὐτὸν
928 3287 1141 3375 ὑπερεβάλετο,
1174 3286 1235 3352 dtt'

231 3449 257 3518 5)
275 3454 339 3500 Nam
357 3467 412 3500 cum
429 3451 575 3500 Cornificius
592 3452 625 3510 11,
645 3453 703 3510 2‚3
729 3465 783 3499 esse
808 3455 921 3510 oportere
946 3449 1012 3496 dicat
1035 3449 1060 3495 in
1078 3451 1174 3495 oratore
1199 3448 1235 3496 in-

161 3539 309 3597 ventionem,
328 3539 523 3599 dispositionem,
542 3537 717 3594 elocutionem,
736 3537 897 3595 memoriam,
915 3533 1155 3596 pronuntiationem,
1173 3535 1236 3582 duae

161 3624 278 3671 videlicet
295 3637 342 3682 res,
361 3624 480 3672 memoria
498 3628 523 3670 et
540 3623 707 3683 pronuntiatio
727 3620 791 3686 (sive
804 3621 878 3686 aetio)
896 3621 1001 3681 legendo
1013 3621 1105 3681 percipi
1118 3636 1167 3668 non
1180 3637 1236 3683 pos-

162 3713 231 3766 sunt,
249 3710 352 3756 duarum
370 3711 472 3756 aliarum
491 3723 572 3756 rerum
590 3708 741 3755 inventionis
760 3712 785 3754 et
802 3707 984 3768 dispositionis,
1003 3707 1023 3754 si
1042 3709 1115 3754 unius
1132 3709 1236 3756 oratoris

162 3809 239 3855 genus
251 3795 346 3842 dicendi
365 3799 505 3852 tractemus,
524 3795 605 3853 debet,
623 3795 644 3841 si
662 3794 735 3840 unius
752 3794 879 3850 orationis,
898 3794 941 3840 vix
960 3797 1042 3853 potest
1060 3795 1123 3840 ratio
1141 3793 1233 3840 haberi.

231 3877 256 3946 6)
275 3879 368 3927 Οοτιιίΐ.
387 3880 430 3938 IV,
451 3883 498 3938 11,
517 3881 565 3926 17:
594 3879 660 3936 Quae
678 3880 722 3944 (sc.
740 3876 856 3945 elocutio)
879 3881 983 3926 moerim
999 3879 1127 3927 admodean
1144 3876 1238 3922 ercton'

161 3967 343 4014 accommodata
366 3973 414 4023 eat,
440 3973 489 4012 trec
505 3981 544 4012 ree
561 3967 587 4012 in
606 3981 630 4011 ae
647 3964 713 4012 debet
730 3965 829 4023 taem,
858 3967 1014 4026 eleqarrticm,
1038 3963 1234 4024 compascuum,

162 4053 307 4112 almitatem.
343 4051 475 4111 Elepautrb
492 4057 534 4108 eet,
553 4065 614 4109 quiae
623 4050 699 4110 facit,
716 4058 743 4096 at
759 4065 831 4098 cnam
849 4052 957 4111 quodque
969 4065 1031 4110 pare
1046 4055 1070 4094 ct
1086 4052 1168 4106 aperte
1185 4046 1236 4092 dici

160 4139 278 4187 αι’ἅιαιαι.
