2752 4620
554 254 767 320 ..49-

135 476 136 482 ¹
252 407 348 480 „Nam
372 427 436 466 cum
460 411 549 468 antea
574 429 628 486 per
649 414 776 470 aetatem
806 411 937 469 nondum
959 411 1048 470 huius
1070 411 1197 470 auctori·

188 511 298 581 ‚,tatem
321 507 379 566 loci
395 509 542 585 attingere
558 513 695 570 auderem
716 508 721 592 Ι
741 516 960 591 statueremque
976 512 1053 571 nihil
1067 513 1125 571 huc
1140 511 1199 570 nisi

188 610 370 686 „perlectum
386 611 518 686 ingenio,
542 613 724 674 elaboratum
740 615 887 674 industria
903 614 1012 674 adferri
1029 619 1175 691 oportere,
1193 611 1197 694 Ι

187 731 294 786 „omne
317 732 415 771 meum
430 719 548 791 tempus
563 717 723 777 amicorum
739 717 923 794 temporibus
938 717 1198 778 transmittendum

186 814 337 891 „puavu‘
353 809 365 897 l

121 938 176 996 Est
191 932 319 1001 diaulus
331 935 493 1010 praemisso
506 938 661 998 enuntiato
678 939 852 998 secundario
864 939 979 1013 effecta,
1003 940 1086 1000 cuius
1098 940 1199 1015 priora

122 1039 256 1098 membra
279 1036 452 1098 dissolutius
473 1059 528 1116 per
551 1041 790 1102 coniunctionem
813 1046 905 1120 ,que‘
927 1044 1096 1102 cohaerent.

250 1157 302 1238 §2
325 1161 392 1234 „Ita
413 1177 525 1230 neque
547 1161 597 1221 hic
619 1161 702 1220 locus
716 1180 828 1222 vacuus
842 1180 974 1240 unquam
996 1162 1055 1221 fuit
1069 1162 1105 1219 ab
1121 1161 1173 1221 iis
1192 1158 1197 1242 Ι

186 1263 257 1341 „qui
278 1267 407 1324 vestram
437 1282 554 1322 causam
577 1263 771 1324 defenderent
790 1259 794 1343 Ι
815 1272 849 1325 et
871 1283 953 1324 meus
974 1263 1060 1324 labor
1081 1264 1114 1322 in
1136 1265 1197 1341 pri-

186 1371 340 1440 „vatorum
370 1365 510 1443 periculis
534 1352 617 1426 caste
636 1367 813 1446 integreque
834 1363 994 1446 versatus!
1036 1385 1075 1426 ex
1096 1373 1197 1427 vestro

186 1469 315 1542 „iudicio
339 1469 468 1529 fructum
491 1473 536 1528 est
558 1469 772 1545 amplissimum
794 1473 999 1530 consecutus.“

121 1591 176 1650 Est
207 1581 389 1667 visodonius
420 1591 498 1648 bene
527 1590 723 1672 constitutum
754 1590 949 1650 correlatione
983 1589 1196 1666 particularum

122 1695 280 1769 ,neque‘3
304 1694 369 1763 ,et‘.

250 1793 344 1866 „Nam
368 1809 448 1851 oum
469 1798 591 1869 propter
613 1792 785 1853 dilationem
802 1794 989 1854 comitiorum
1010 1801 1057 1856 ter
1070 1798 1198 1876 *praetor

188 1895 322 1971 „primus
337 1894 480 1955 centuriis
496 1895 609 1955 cunctis
632 1895 819 1957 renuntiatus
841 1916 906 1956 sum
926 1894 930 1978 Ι
949 1897 1037 1957 facile
1051 1897 1197 1971 intellexi,

187 1997 339 2072 „Quirites
358 1993 363 2078 Ι
382 2004 417 2058 et
440 1997 511 2076 quid
534 1999 570 2057 de
592 2017 639 2057 me
661 1997 832 2058 iudicaretis
851 1995 857 2079 Ι
875 2007 910 2060 et
932 2001 1003 2080 quid
1026 2000 1092 2060 aliis
1113 2020 1198 2077 prae·

185 2100 403 2174 „scriberetis.“

121 2223 175 2281 Est
196 2217 339 2297 τρίκωλον
361 2221 432 2281 satis
455 2224 535 2279 arcte
559 2219 764 2279 coniunctum:
786 2220 948 2296 praemisso
972 2223 1127 2283 enuntiato
1151 2244 1196 2283 se·

121 2323 273 2397 cundario,
298 2323 495 2382 correlatione
519 2326 558 2383 ‘et
578 2356 620 2366 —
643 2327 691 2382 et‘.

247 2444 354 2516 „Nunc
369 2460 450 2503 cum
464 2453 492 2500 et
507 2443 693 2504 auctoritatis
708 2443 740 2501 in
755 2461 802 2502 me
825 2448 966 2504 tantum
988 2445 1035 2519 sit,
1056 2441 1062 2528 Ι
1081 2465 1196 2524 quan·

182 2552 279 2623 „tum
300 2567 354 2607 vos
369 2547 535 2607 honoribus
550 2546 724 2606 mandandis
740 2565 805 2607 esse
820 2547 968 2621 voluistis,
988 2543 993 2629 Ι
1012 2557 1041 2606 et
1055 2549 1091 2606 ad
1107 2567 1195 2624 agen·

183 2651 272 2723 „dum
295 2650 445 2709 facultatis
467 2652 613 2710 tantum
632 2645 637 2730 Ι
659 2651 839 2728 quantum
861 2649 976 2707 homini
998 2649 1137 2725 vigilanti
1158 2669 1197 2708 ex

184 2751 314 2827 „forensi
337 2770 393 2810 usu
414 2769 508 2826 prope
524 2750 672 2810 cotidiana
688 2749 805 2808 dicendi
828 2750 1003 2811 exercitatio
1025 2752 1124 2828 potuit
1146 2753 1197 2810 ad-

182 2855 288 2926 ‚,ferre,
312 2847 335 2934 ΙΙΙ
360 2855 439 2910 certe
467 2860 499 2931 et
525 2850 549 2908 si
580 2850 653 2930 quid
681 2850 867 2909 auctoritatis
894 2851 926 2909 in
954 2871 1001 2910 me
1029 2855 1074 2912 est
1093 2849 1097 2933 Ι
1117 2854 1195 2929 apud

184 2974 265 3028 „eos
293 2958 369 3026 utar,
389 2949 394 3032 Ι
415 2953 476 3032 qui
509 2972 573 3011 eam
601 2951 674 3010 mihi
698 2953 843 3012 dederunt
857 2948 870 3036 Ι
907 2963 936 3012 et
957 2953 981 3014 si
1004 2953 1076 3035 quid
1097 2955 1130 3013 in
1152 2955 1195 3013 di·

182 3058 295 3131 „cendo
311 3054 452 3134 consequi
468 3074 596 3131 possum,
613 3049 625 3136 ΙΙ
641 3053 690 3114 iis
713 3055 866 3114 ostendam
887 3056 1083 3133 potissimum,
1103 3053 1107 3139 Ι
1128 3059 1194 3139 qui

183 3159 231 3234 „ei
253 3177 372 3238 quoque
394 3157 438 3216 rei
459 3157 587 3216 fructum
618 3177 671 3215 suo
694 3155 804 3216 iudicio
832 3156 1026 3217 tribuendum
1054 3178 1117 3218 esse
1140 3161 1194 3218 du·

47 3285 49 3290 ·
131 3305 134 3309 -
182 3256 369 3342 ‚,xerunt.“ll

119 3385 166 3442 Eu
193 3379 454 3443 artificiosissimus
483 3377 704 3438 numerositatis
734 3376 884 3453 specimen
914 3377 1192 3453 splendidissimum.

118 3485 220 3544 Habes
242 3485 331 3544 trium
354 3482 543 3560 periodorum
562 3480 749 3555 complexum
772 3499 861 3559 quam
883 3479 1088 3540 arctissimum.
1133 3483 1191 3540 Ne-

119 3605 178 3666 que
207 3587 301 3645 solum
328 3585 443 3663 periodi
473 3584 607 3659 singulae
630 3586 711 3642 arcte
733 3584 910 3656 cohaerent,
943 3602 1009 3641 cum
1031 3583 1193 3659 praemissa

119 3687 231 3765 protasi
252 3687 343 3764 (cum)
366 3690 571 3764 exspectemus
594 3703 714 3744 necesse
738 3686 777 3746 sit
799 3685 952 3762 epodosin,
977 3704 1053 3765 quae
1076 3687 1193 3763 etipsa

117 3792 150 3850 in
173 3791 245 3849 duas
267 3789 410 3850 dividitur
431 3789 570 3865 periodos
592 3807 645 3864 per
669 3791 714 3847 ‘et
736 3822 776 3832 —-
800 3784 844 3848 et'
866 3793 947 3848 arcte
963 3793 1190 3864 coagmentatus,

118 3878 281 3954 sedetiam
308 3893 388 3952 intra
416 3891 649 3970 uniuscuiusque
677 3891 793 3968 periodi
821 3891 964 3952 ambitum
993 3893 1191 3952 membrorum

117 3996 302 4072 singulorum
324 3995 463 4055 iunctura
485 4000 545 4055 tam
568 3993 603 4053 fit
624 3993 729 4071 plana,
761 3999 796 4054 ut
814 3995 877 4054 fere
899 3994 1099 4073 praestringat
1121 4013 1189 4053 ocu-

116 4097 213 4158 lorum
235 4097 336 4172 aciem,
359 4099 416 4157 hoc
439 4099 541 4157 modo:
563 4104 598 4156 et
620 4141 627 4156 .
646 4141 676 4155 ..
699 4100 860 4171 tantum,
884 4101 1068 4176 quantum
1091 4103 1190 4156 —et

964 4206 983 4258 4
