2752 4620
584 234 796 297 ..71-

153 388 320 445 nostrarum
344 390 526 463 orationum,
549 390 779 467 complectemur
801 395 892 469 atque
914 409 1009 467 panea
1029 390 1170 450 addemus
1194 391 1230 447 de

152 493 218 548 tote
239 508 335 564 eursu,
360 493 475 572 qualem
500 495 586 554 nobis
608 496 763 569 fingamus,
786 493 976 572 eloquentiae
998 492 1159 552 Tullianae.

606 848 690 934 Cap.
714 848 775 917 VI.

561 972 818 1035 Epilogus.

238 1109 410 1169 ostendisse
433 1110 519 1170 nobis
540 1110 677 1170 videmm
699 1110 794 1186 primo
826 1116 856 1170 et
878 1111 973 1170 altero
1006 1111 1103 1187 capite
1125 1111 1228 1185 purio-

153 1232 215 1271 rem
239 1212 527 1292 elegantieremque,
551 1213 639 1273 tertio
663 1214 761 1272 minus
784 1219 919 1275 ornatum
949 1214 1156 1293 tumidumque
1179 1213 1226 1272 Gi·

152 1334 288 1374 ceronem
310 1315 403 1374 fuisse
426 1316 455 1374 in
479 1322 566 1376 eratt.
583 1337 610 1392 p.
628 1316 664 1380 Q.
681 1317 801 1392 Ligario
824 1322 855 1376 et
877 1335 949 1392 rege
971 1316 1114 1375 Deiotaro
1136 1318 1226 1376 habb.

151 1437 240 1497 quam
263 1418 294 1476 in
318 1420 439 1478 ceteris:
463 1421 542 1498 quod
565 1420 589 1478 si
612 1419 819 1495 coniungimus
841 1419 1068 1479 ratiocinatione
1091 1439 1157 1478 cum
1181 1419 1228 1492 iis,

152 1539 230 1600 quae
255 1520 287 1579 in
310 1522 462 1596 prooemio
486 1522 693 1595 disseruimus,
728 1541 834 1596 nempe
857 1521 881 1579 si
904 1527 1018 1580 mutata
1039 1522 1069 1579 in
1094 1522 1141 1580 his
1163 1542 1227 1581 ora·

151 1623 284 1684 tionibus
306 1631 463 1700 appareret
479 1625 630 1683 Ciceronis
653 1624 832 1702 eloquentia,
855 1623 884 1681 id
908 1643 968 1682 non
992 1625 1071 1682 casui
1094 1623 1228 1683 tribuen-

152 1727 220 1784 dum
237 1745 310 1798 esse,
334 1727 384 1784 sed
407 1733 489 1786 certo
513 1727 627 1785 cuidam
651 1727 776 1785 oratoris
800 1725 933 1799 consilio,
956 1726 1068 1784 nemini
1091 1727 1148 1785 iam
1171 1728 1229 1788 erit

154 1829 292 1901 dubium,
325 1829 397 1907 quin
421 1829 535 1888 Tullius
557 1850 611 1905 pro
634 1830 728 1887 salute
750 1849 868 1900 eorum,
896 1849 951 1903 pro
974 1829 1082 1906 quibus
1105 1830 1229 1904 dicebat,

149 1931 266 1991 ratione
280 1931 383 1991 habita
397 1931 469 2004 eius,
493 1933 570 2008 apud
594 1952 680 2010 quem
704 1933 796 1991 verba
817 1931 954 2003 faciebat,
977 1930 1057 1989 aliud
1080 1940 1171 2011 atque
1194 1934 1227 1991 in

152 2055 211 2114 quo
234 2034 464 2107 inveteraverat,
488 2055 582 2109 genus
606 2034 720 2094 dicendi
744 2034 941 2109 appetiverit:
964 2054 1018 2093 uec
1039 2041 1139 2110 potest
1153 2036 1227 2094 illud

151 2138 231 2198 aliud
254 2158 347 2213 genus
370 2157 434 2196 esse
456 2138 537 2196 aliud
561 2158 646 2217 quam
665 2139 813 2197 Atticum:
837 2155 913 2215 quae
937 2135 1056 2214 quidem
1080 2140 1228 2199 sententia

151 2247 253 2302 nestra
273 2261 334 2300 non
357 2243 443 2299 medo
466 2261 525 2299 nen
550 2246 747 2317 oppugnatur,
771 2241 822 2298 sed
838 2240 937 2320 aliqua
952 2241 1072 2320 quidem
1089 2261 1127 2300 ex
1142 2248 1227 2318 parte

151 2344 344 2404 confirmatur
366 2344 453 2404 etiam
478 2345 529 2417 iis,
553 2345 681 2424 quaein
706 2350 812 2425 quarto
835 2345 932 2420 capite
955 2345 990 2402 de
1014 2333 1228 2421 compositione

150 2452 237 2508 erant
257 2447 436 2509 disserenda.

238 2550 343 2611 Voluit
369 2551 463 2627 igitur
485 2556 563 2611 certe
586 2551 688 2610 Cicero
718 2552 749 2609 in
773 2551 919 2630 hisquae
942 2556 1085 2626 aguntur,
1118 2552 1226 2612 oratio·

152 2652 241 2712 nibus
264 2653 359 2713 videri
383 2654 515 2714 Atticus:
538 2673 619 2711 nuuc
641 2673 711 2711 nurn
735 2656 814 2731 quod
837 2653 980 2725 voluerit,
1004 2654 1044 2712 sit
1065 2660 1226 2727 assecutus,

150 2775 334 2837 quaeramus.
381 2760 479 2835 Atque
490 2756 522 2813 in
535 2755 694 2830 Ligariana
706 2755 794 2831 plane
806 2775 872 2814 eum
883 2756 985 2829 fuisse,
1009 2775 1097 2836 quem
1113 2775 1145 2816 se
1161 2777 1225 2816 esse

150 2858 256 2932 voluit,
279 2877 366 2916 nemo
382 2858 429 2931 sit,
454 2857 526 2936 quin
549 2858 692 2917 concedat
714 2858 771 2916 nisi
788 2857 992 2938 iniquissimus
1006 2877 1104 2917 rerum
1122 2860 1225 2920 existi-

150 2965 256 3020 mator.
301 2960 402 3020 Minus
423 2960 549 3020 fortasse
572 2980 723 3037 prospere,
746 2962 824 3040 qnod
841 2962 868 3019 ei
891 2967 956 3022 erat
975 2963 1170 3040 propositum,
1193 2963 1225 3021 in

150 3084 192 3123 or.
215 3084 244 3140 p.
267 3062 333 3123 Dei.
356 3063 423 3123 hab.
445 3065 616 3142 peragebat.
660 3066 735 3123 Nam
763 3064 794 3122 in
816 3065 871 3124 hae
894 3085 953 3122 nen
977 3086 1133 3142 possumus
1164 3086 1224 3124 non

149 3173 253 3228 notare
276 3168 420 3247 quaedam
443 3173 477 3227 ut
497 3186 601 3244 parum
624 3167 787 3243 elegantia:
811 3168 848 3226 cf.
864 3186 941 3246 qnae
962 3168 994 3225 in
1017 3168 1112 3243 prime
1135 3169 1224 3228 huius

149 3271 367 3332 dissertationis
389 3271 486 3348 capite
509 3291 547 3329 ex
562 3271 627 3330 Dei.
645 3270 681 3351 §5
701 3275 747 3330 19.
765 3277 814 3330 21.
832 3277 870 3329 26
894 3271 1055 3344 attulimus,
1079 3278 1113 3332 nt
1135 3272 1223 3330 nimis

151 3382 257 3436 ornata
286 3375 367 3450 (vide
398 3394 474 3454 quae
505 3394 566 3451 cap.
583 3376 632 3433 III
656 3373 710 3453 §3
742 3394 780 3433 ex
807 3375 873 3434 Dei.
898 3373 913 3453 S
935 3380 974 3434 30
1007 3376 1040 3452 (s.
1055 3396 1083 3434 v.
1107 3384 1223 3436 contra-

148 3477 258 3556 posita)
281 3477 371 3555 510,
396 3476 411 3556 S
432 3483 469 3537 31
495 3482 532 3557 (s.
547 3500 577 3539 v.
601 3470 818 3555 ὅμοιοτὲλευτα)
841 3477 1071 3554 congessimus),
1094 3479 1222 3559 deniqne

148 3585 182 3639 ut
203 3580 292 3638 nimis
314 3583 495 3641 abundantia
523 3581 603 3657 (vide
626 3581 755 3658 capili
778 3580 794 3659 g
814 3582 853 3659 4).
898 3585 998 3660 Atque
1028 3600 1083 3656 ege
1113 3584 1222 3655 nescio,

148 3703 187 3742 an
209 3683 274 3760 ipse
290 3684 393 3743 Cicero
415 3684 474 3742 tale
491 3683 562 3763 quid
586 3684 713 3742 senserit
733 3685 765 3742 iu
788 3685 842 3743 hac
858 3685 992 3744 oratione
1015 3705 1074 3744 nen
1099 3706 1129 3745 se
1152 3706 1222 3745 oon·

146 3787 269 3861 fecisse,
301 3788 379 3868 quod
403 3786 620 3846 constituisset:
650 3787 723 3845 mihi
746 3788 865 3866 quidem
895 3788 982 3847 etiam
1014 3795 1102 3868 atque
1132 3791 1220 3850 etiam

148 3890 249 3966 opinio
279 3891 401 3949 obtrusa
429 3895 474 3950 est
504 3889 585 3948 illam
613 3892 650 3948 ad
674 3890 856 3950 Dolabellam
887 3891 1036 3951 Ciceronis
1064 3894 1221 3968 epistulam

147 3994 195 4067 (ad
210 3994 278 4051 fam.
295 3994 351 4065 IX,
373 3995 421 4071 12)
443 3994 502 4053 huc
518 4013 581 4053 esse
596 3995 790 4066 referendam,
812 3995 864 4054 ubi
886 3996 917 4053 in
941 3995 993 4074 §2
1017 3997 1090 4056 haec
1112 3997 1223 4074 scripta

146 4096 301 4156 videntur:
