2752 4620
576 247 787 312 ...50-

145 423 345 481 programma,
379 402 431 483 qui
460 402 632 462 inscribitur
661 403 815 476 ‚nonnulla
845 402 880 461 de
908 401 1057 461 Ciceronis
1087 401 1221 462 oratione

147 526 201 583 pro
225 507 264 564 M.
288 505 440 565 Marcello‘
461 505 608 582 (Ratibor.
628 505 722 582 1845)
745 525 774 582 p.
792 510 842 564 22.
887 503 985 568 Quare
1015 504 1073 564 alia
1104 506 1222 567 exstitit

148 608 249 685 opinio
279 610 353 667 haec
376 609 539 667 orationem
568 627 622 684 pro
645 592 826 667 Mareshab.
850 628 910 667 non
933 609 969 667 ab
992 607 1058 685 ipso
1081 608 1223 669 Cicerone

148 711 256 770 editam
279 729 334 769 nec
356 714 513 787 propterea
540 697 671 770 limatam
694 712 774 782 esse';
807 700 895 789 quam
923 710 1094 786 opinionem
1123 713 1223 789 profe-

148 818 219 873 runt
248 813 349 872 Keller
378 812 518 889 (,Oioeros
549 812 631 871 Reda
659 813 709 872 far
736 814 792 872 den
816 814 857 873 M.
880 812 1038 873 Marcellus
1066 812 1223 874 lateinisch

149 917 210 974 und
240 916 363 975 deutsch
391 914 447 975 mit
477 915 722 990 Anmerkungen.
755 916 881 976 Ratibor
909 917 1011 994 1860‘)
1042 936 1071 992 p.
1089 921 1125 974 3:
1157 918 1225 988 ‚Die

149 1019 248 1094 Frage
276 998 374 1092 ader„
400 1018 505 1076 welche
526 1019 587 1076 sien
617 1019 781 1096 notwendz'g
807 1037 845 1077 an
868 1018 920 1076 dan
943 1019 1010 1078 eben
1033 1019 1224 1098 ungerfiilnten

150 1120 242 1178 Panae
262 1120 385 1200 lenic'pft,
420 1140 479 1178 wer
501 1121 546 1178 dr'e
567 1121 641 1179 neae
663 1120 886 1201 ausgazer'eltaet
905 1120 992 1192 habe,
1028 1123 1072 1180 da
1097 1123 1224 1181 Cicero

151 1224 229 1281 dies
249 1224 456 1282 sicta-lah
479 1224 585 1282 nieht
596 1209 734 1300 gathan
750 1225 829 1296 leat,
856 1226 928 1283 lde-rt
943 1226 1128 1283 verschiedne
1143 1227 1225 1302 Mdg·

152 1326 305 1384 lzehlceiten
333 1328 379 1384 als
400 1328 539 1384 Antaort
560 1345 599 1383 za
624 1334 696 1384 ...‘
727 1331 758 1387 et
787 1326 1125 1388 Richter-Eberhardius
1148 1348 1176 1404 p.
1192 1334 1226 1388 9:

153 1429 200 1499 ,ln
223 1428 691 1503 iiberorbez'teter·Gestalt
713 1430 813 1505 Ir'egt
833 1448 899 1487 ane
921 1429 978 1488 dr'e
993 1431 1084 1488 Itede
1104 1432 1227 1489 sicher

153 1532 257 1589 nr'clrt
279 1550 357 1601 vor,
383 1531 613 1611 maglr'ohensalls
634 1551 725 1608 cogar
742 1551 798 1590 nar
813 1535 843 1591 r'n
858 1533 923 1591 der
937 1532 1228 1613 Nr'ederecdre'st

154 1634 219 1691 der
244 1635 559 1712 Taokygr·aphen.‘
605 1633 690 1698 Quod
714 1636 841 1695 sirecte
864 1655 894 1695 se
917 1635 1055 1696 habuerit
1076 1635 1227 1710 iudicium,

157 1817 276 1864 apparere
294 1819 368 1865 quam
386 1820 417 1852 ex
435 1805 536 1853 ceteris:
562 1805 637 1852 immo
655 1819 716 1853 vero
734 1809 819 1852 nostro
837 1805 937 1864 qnidam
955 1805 1044 1852 iudicio
1061 1806 1123 1854 haec
1141 1807 1229 1865 oratio,

155 1895 272 1948 quantum
297 1892 328 1938 ad
347 1891 411 1939 hanc
428 1892 605 1940 sententiarum
630 1896 725 1953 partem
750 1892 851 1952 attinet,
878 1905 937 1939 sane
962 1891 1026 1938 bene
1048 1893 1229 1941 contentionem

156 1977 260 2024 sustinet
277 1992 332 2025 eum
350 1978 498 2039 Ligariana,
517 1991 581 2038 quae
599 1977 697 2037 quidem
715 1991 794 2037 paene
812 1977 917 2036 efficiat,
935 1982 962 2024 ut
979 1976 1137 2036 Ciceronem,
1156 1992 1230 2038 quem

155 2063 263 2122 alioquin
281 2064 379 2124 saepias
396 2065 438 2112 vel
455 2064 582 2124 despicere
599 2063 677 2111 coacti
696 2077 788 2121 sumas,
807 2066 909 2123 propter
926 2063 1103 2122 ingenuitatem
1121 2067 1147 2110 et
1157 2063 1229 2111 liber·

155 2153 230 2196 tatem
249 2149 332 2210 animi,
351 2164 414 2209 qnae
432 2149 472 2197 hic
489 2152 576 2208 elucet,
594 2149 725 2210 diligamus
742 2162 772 2196 ac
789 2149 959 2208 suspiciamus.
995 2149 1032 2195 Aa
1049 2148 1079 2195 de
1097 2147 1231 2209 Ligariana

157 2235 256 2293 quidem
274 2237 373 2294 confer,
400 2251 463 2296 quae
480 2236 595 2294 Halmius
619 2235 644 2282 in
663 2235 817 2295 praefatione
835 2233 951 2281 editionis
968 2247 1026 2282 snae
1045 2247 1075 2281 ex
1094 2235 1232 2282 Drnmanni

156 2320 219 2367 libro
237 2322 324 2368 affert:
342 2323 403 2377 ‚Nur
421 2323 460 2370 ein
472 2321 559 2370 Cicero
576 2321 670 2368 konnte
688 2324 760 2368 anter
778 2333 806 2367 so
829 2318 971 2380 peinliohen
986 2319 1175 2368 Verhtltnissen
1193 2320 1233 2367 die

158 2405 252 2453 Wiirde
271 2407 320 2452 und
337 2406 527 2466 Freimtttigkait
543 2407 587 2454 des
599 2404 794 2466 Republicaners
811 2406 857 2452 mit
874 2404 917 2451 der
929 2405 1043 2453 Feinheit
1060 2407 1110 2454 und
1122 2406 1233 2455 antiok·

158 2491 262 2551 heltung
279 2491 322 2538 des
340 2488 493 2540 Hotmannes
511 2493 672 2552 vereinigen.‘
707 2493 736 2538 In
754 2490 915 2538 Marcelliano
932 2504 993 2537 vero
1010 2491 1067 2539 talis
1085 2492 1160 2539 animi
1178 2506 1233 2540 ora·

158 2576 219 2625 toris
242 2577 348 2636 primum
372 2577 442 2625 testis
460 2583 497 2626 est
513 2583 566 2626 tota
582 2577 701 2625 orationis
717 2577 836 2625 inventio.
873 2577 914 2623 An
932 2590 982 2623 non
999 2576 1048 2623 viri
1066 2577 1162 2625 fortiter
1179 2579 1232 2625 ani-

160 2678 276 2723 moseque
293 2665 389 2724 agentis
407 2669 445 2712 est
461 2664 609 2713 laudationis
627 2666 747 2712 rationem
766 2664 801 2711 sie
819 2663 976 2722 constituere,
995 2667 1024 2710 ιιι
1040 2662 1066 2710 in
1083 2663 1163 2711 altera
1179 2664 1234 2712 eius

66 2773 69 2776 <
160 2753 230 2810 parte
248 2750 354 2811 principi
372 2765 401 2798 ea
419 2757 496 2811 ponat
513 2757 570 2800 ante
588 2753 688 2809 oculos,
707 2765 770 2810 quae
786 2751 882 2810 reliqua
900 2751 962 2808 sint,
980 2753 1007 2797 ut
1023 2749 1103 2797 fiant?
1137 2750 1235 2799 Deinde

161 2837 299 2896 singulares
317 2851 414 2897 quoque
432 2839 525 2898 passim
543 2839 704 2886 inventuntur
722 2837 874 2894 sententiae,
902 2849 965 2894 quae
982 2833 1078 2886 deerit
1095 2834 1234 2883 libertatem

160 2921 277 2981 indicant,
295 2928 322 2970 ut
339 2924 415 2984 §242
432 2925 550 2984 mutaque
567 2931 702 2983 aterque
720 2924 783 2970 dae
797 2923 890 2979 faceret
907 2929 1023 2980 arnamar,
1043 2936 1103 2980 orme
1121 2921 1183 2969 edem
1200 2929 1234 2970 to-

161 3015 231 3067 patus
250 3009 308 3067 fieri
325 3009 493 3070 manitatem.
529 3013 544 3072 ξ
564 3013 595 3059 29
620 3010 684 3058 cervi
699 3010 773 3069 taam
790 3008 824 3056 eie
841 3009 913 3055 etiam
931 3007 1063 3066 iudicatae,
1078 3005 1079 3008 ’
1093 2998 1142 3066 qui
1156 3007 1236 3055 multis

156 3101 214 3154 poet
232 3093 601 3143 saeerdie'detaiada'cabuatat
619 3095 741 3155 quidem
759 3093 843 3140 haud
861 3093 985 3140 cainan
1003 3089 1236 3151 incorruptius

163 3196 202 3226 aa
223 3196 290 3240 aaa,
308 3197 366 3228 nam
383 3188 409 3228 et
426 3182 500 3231 eine
518 3195 624 3230 amora
641 3187 669 3227 et
686 3180 756 3228 eine
774 3179 957 3240 cupiditate
975 3185 996 3224 et
1012 3191 1097 3224 mesas
1114 3175 1236 3223 sennodio

164 3353 257 3399 derium
275 3354 374 3414 pristini
391 3354 541 3416 reipublicae
559 3358 637 3402 status
655 3366 790 3414 apparere:
818 3351 940 3410 ,dolecqaa
962 3365 1013 3395 eam
1036 3346 1171 3407 respublica
1193 3345 1236 3392 im-

162 3439 271 3486 mortalia
288 3455 338 3487 aare
355 3440 444 3499 debat,
462 3441 557 3487 camin
575 3439 644 3486 anias
662 3438 770 3486 mortalia
788 3438 871 3485 anima
888 3434 1031 3482 mnemora‘
1066 3431 1166 3492 Eadem
1184 3431 1237 3480 fere

163 3525 258 3572 ratione
276 3527 337 3574 haec
354 3540 417 3586 qnae
435 3528 494 3587 §29
513 3526 636 3585 leguntur,
656 3524 802 3585 explicanda
820 3526 893 3583 puto:
918 3518 975 3578 ,nisi
991 3517 1047 3565 belli
1063 3517 1142 3565 civilia
1159 3517 1238 3565 incen-

71 3633 80 3655 ι
165 3610 230 3658 diam
247 3612 322 3658 salam
335 3612 435 3672 patriae
451 3612 608 3659 aestimarer
643 3610 684 3659 Sic
702 3611 766 3658 enim
784 3623 814 3658 ea
830 3621 920 3656 censeo
937 3603 1138 3665 interpretanda:
1157 3619 1238 3663 ,naun

166 3697 198 3744 da
215 3697 283 3744 nieht
301 3698 348 3746 den
366 3698 627 3759 Bttrgerkriegsbrand
653 3696 709 3761 (hoc
726 3697 796 3744 valet
818 3695 866 3754 ‚die
883 3690 1067 3753 Birgerkriege
1082 3686 1239 3751 tiberhaapt‘)

166 3784 241 3830 durch
259 3782 298 3830 die
316 3783 570 3844 Wiederherstallang
595 3784 638 3831 des
656 3781 822 3830 Vaterlandes
846 3779 874 3846 (i.
888 3794 910 3827 a.
931 3778 1008 3826 durch
1026 3777 1065 3824 die
1082 3775 1238 3823 Wiederhsr·

167 3872 275 3930 stellang
299 3869 342 3916 der
359 3870 425 3916 alten
443 3870 673 3931 republicaniechen
691 3865 856 3926 Vertassung)
879 3864 991 3925 geltscht
1015 3863 1041 3928 (i.
1054 3877 1076 3909 e.
1095 3861 1135 3907 sstr
1152 3860 1239 3907 immet·

166 3954 289 4019 beseitigt)
308 3956 388 4003 haben
407 3955 493 4002 wirst.t
528 3955 582 4002 Hac
599 3953 801 4014 interpretatione
818 3952 843 3999 id
861 3951 934 3998 simul
952 3951 1084 4005 lucramur,
1102 3952 1130 3993 ιιι
1147 3944 1238 3993 locutio

167 4043 314 4103 ‚incendium
331 4041 356 4089 b.
368 4057 389 4088 c.
408 4041 487 4089 salute
505 4055 529 4100 p.
548 4039 709 4100 restinguere‘
727 4053 777 4085 non
795 4037 830 4084 ita
847 4035 965 4083 inusitata
983 4041 1007 4083 et
1025 4032 1105 4081 audax
1122 4029 1237 4077 videatur

167 4128 208 4193 (cf.
227 4126 474 4176 Richter-Eberhardi
492 4125 575 4173 adnot.
593 4129 618 4173 et
633 4124 782 4171 Wolfianam
800 4119 858 4169 edit.
875 4135 900 4182 p.
914 4116 966 4185 68).
