2752 4620
591 273 804 336 ..44-

246 428 284 485 Iu
306 428 361 486 hac
384 428 520 487 oratione
542 449 613 488 sane
636 430 750 489 modice
773 429 945 489 Ciceronem
969 430 1054 507 eopia
1075 432 1238 489 verborum

160 550 244 587 usum
268 548 332 589 esse
355 531 454 590 statim
478 531 537 591 tibi
557 533 758 608 persuadebis,
782 533 806 592 ei
825 534 880 592 hos
899 533 1060 592 contuleris
1082 552 1240 591 numeros:

161 631 356 692 inveniuntur
387 635 464 693 enim
496 635 527 693 in
560 654 601 694 or.
630 636 658 695 d.
686 637 757 712 imp.
781 637 885 711 Pomp.
907 637 974 695 hab.
1004 635 1040 714 §S
1061 638 1097 694 71
1131 654 1240 710 conge-

158 734 214 793 riei
237 736 375 812 exempla
394 742 430 795 19
453 743 583 810 tantum,
615 742 647 797 at
669 739 813 798 accedunt
835 737 991 797 aliusmodi
1021 737 1239 798 redundantiae

161 837 299 913 exempla
322 844 378 912 63,
411 845 445 899 ut
467 841 587 899 omnino
612 842 781 901 efficiantur
810 841 947 917 exempla
972 846 1027 913 82,
1059 841 1090 898 in
1115 839 1191 897 Phil.
1208 839 1240 896 X

161 937 195 1018 §5
214 946 252 997 26
284 943 421 1019 exempla
453 943 701 1017 7÷aa=35‚
735 944 767 1002 in
799 943 878 1001 Phil.
899 943 946 1001 XI
976 942 1012 1021 ξς
1032 949 1070 1001 39
1102 942 1242 1018 exempla

164 1045 433 1118 lit-41:58,
465 1046 497 1104 in
519 1046 597 1106 Phil.
619 1047 661 1105 lV
691 1045 725 1124 ἓξ
743 1051 780 1104 16
811 1047 950 1122 exempla
975 1049 1240 1119 12-1-11--23

161 1145 217 1204 Sed
248 1166 370 1222 prorsus
401 1147 488 1206 aliter
514 1153 604 1226 atque
633 1148 665 1205 in
688 1147 849 1224 Ligariana
878 1167 925 1206 res
947 1148 979 1206 in
1003 1154 1076 1206 orat.
1101 1168 1131 1224 p.
1154 1148 1240 1206 Dei.

160 1248 229 1306 hab.
251 1248 372 1308 videtur
394 1267 425 1307 se
447 1250 566 1308 habere.
611 1250 688 1307 Nam
715 1249 747 1307 in
769 1251 825 1309 hae
848 1250 997 1325 congeriei
1022 1251 1143 1329 quidem
1165 1251 1242 1308 haee

162 1355 178 1406 8
203 1350 289 1408 modo
312 1351 536 1428 conspiciuntur
558 1352 715 1428 exempla:
749 1351 804 1429 §6
832 1353 998 1428 Spectarem
1030 1354 1159 1422 curiam,
1195 1354 1241 1409 in-

162 1461 258 1508 tuerer
272 1452 392 1532 sarum,
418 1454 528 1511 caelum
551 1456 671 1531 denique
694 1463 815 1512 testarer
838 1457 940 1531 ipsum.
992 1460 1027 1512 12
1053 1457 1105 1512 Cn.
1124 1453 1244 1530 Pompei

162 1554 255 1626 bella,
288 1558 441 1627 uictorias,
475 1559 651 1634 triumphas,
684 1558 851 1616 consulatus
873 1559 1048 1615 admirantes
1070 1556 1241 1615 numeraba-

161 1678 231 1717 mus.
283 1665 318 1717 16
342 1661 478 1718 uisitare·
498 1661 670 1736 integritas,
694 1663 848 1736 grauitas,
875 1662 977 1730 virtus,
993 1659 1085 1736 fides.
1132 1664 1172 1716 20
1195 1679 1242 1715 re-

158 1770 224 1838 pete
245 1763 324 1819 illius
348 1765 482 1839 temporis
505 1766 686 1834 memorium,
716 1783 790 1840 panc
820 1765 900 1821 illum
931 1772 997 1820 ante
1027 1764 1125 1820 oculas
1153 1763 1238 1832 diam,

161 1864 256 1922 uiiltus
286 1866 426 1923 dominum
459 1875 485 1923 te
516 1867 684 1924 intuentium
718 1875 804 1943 atque
835 1868 1037 1924 admirantium
1071 1866 1239 1922 recordare.

162 1972 201 2024 30
226 1968 343 2025 Seruum
360 1969 524 2026 sollicitare
546 1967 652 2038 uerli's,
677 1989 727 2046 spe
745 1971 951 2046 promissisque
973 1987 1165 2044 corrumpere,
1191 1966 1240 2024 at-

129 2111 133 2119 ,
160 2072 263 2127 ducere
278 2072 398 2141 dentium,
426 2080 526 2129 contra
545 2073 686 2128 dominum
704 2090 819 2128 armare
838 2091 923 2151 o.q.s.
972 2077 1010 2129 39
1034 2089 1152 2148 quorum
1170 2071 1245 2128 milii

161 2174 318 2231 amicitiam
349 2173 513 2250 respublica
543 2176 726 2244 conciliauit,
760 2175 913 2252 hospitium
937 2176 1070 2232 uoluiitas
1093 2175 1242 2249 utriusque

161 2278 326 2347 coniunxit,
354 2277 592 2355 familiaritatem
624 2279 796 2334 consuetudo
827 2277 929 2334 attulit
959 2296 1050 2355 e.q.s.
1104 2279 1141 2333 61
1175 2295 1239 2332 cum

161 2378 276 2435 audiret
380 2398 461 2436 arma
491 2389 602 2456 sumpta
635 2400 723 2458 e.q.e.
780 2384 819 2437 33
853 2380 955 2437 multos
990 2382 1068 2436 iussu
1100 2381 1239 2436 Caesaris

161 2490 295 2551 aeratos,
329 2481 493 2540 verberatos
522 2502 604 2562 e.q.s.
649 2483 705 2540 Sed
737 2481 893 2540 aliusmodi
921 2482 1137 2541 redundantiae
1166 2482 1241 2539 haee

162 2582 300 2659 exempla
322 2592 362 2647 20
385 2586 433 2646 vel
457 2593 513 2647 22;
545 2584 597 2664 §2
627 2586 796 2642 sceleratum
820 2594 849 2641 et
870 2587 995 2662 impium.
1040 2586 1080 2643 ib.
1113 2587 1189 2641 tueri
1211 2593 1241 2642 et

162 2696 268 2762 tegere.
304 2688 344 2747 ib.
369 2689 406 2746 ab
427 2690 571 2765 impietate
593 2698 621 2747 et
642 2689 760 2746 scelere.
810 2693 828 2744 4
847 2696 1003 2763 praestans
1024 2688 1240 2764 singularisque

161 2799 277 2848 natura.
325 2797 342 2849 5
373 2794 403 2850 in
427 2802 474 2850 tuo
504 2811 553 2850 ore
582 2793 727 2869 irritaque.
775 2793 791 2849 i
824 2810 878 2847 usu
907 2799 991 2868 atque
1018 2791 1236 2848 ereiritatione.

161 2893 201 2950 ib.
224 2903 323 2969 spect
344 2898 528 2970 cogitatione.
576 2902 593 2953 8
624 2895 806 2952 incommodis
828 2902 856 2951 et
879 2895 1063 2951 detrimentis.
1110 2892 1150 2951 ib.
1181 2911 1238 2949 non

163 3003 219 3051 tam
242 2997 271 3052 in
295 2995 378 3054 tellis
398 3007 482 3074 atquc
504 3001 533 3056 in
554 2999 676 3074 proeliis
698 3016 781 3074 quam
813 3000 842 3053 i'n
862 2998 1016 3073 promissis
1042 3004 1072 3052 et
1090 2994 1156 3071 fide
1176 2994 1238 3071 fir·

162 3099 288 3156 mi'orem.
338 3104 372 3157 ll
398 3099 570 3158 concordiae
592 3111 621 3158 et
639 3103 731 3176 pacis.
780 3104 816 3158 16
840 3101 922 3156 homa
946 3098 1124 3156 inconsultus
1147 3106 1177 3152 et
1198 3105 1239 3152 te-

161 3202 313 3258 merarius.
361 3207 399 3259 26
421 3212 574 3279 perspecta
597 3212 626 3259 et
647 3205 775 3278 cognitu.
822 3202 859 3259 27
884 3221 931 3258 res
954 3204 1146 3277 rationesque.
1196 3203 1236 3256 28

159 3305 279 3380 pudori's
298 3305 520 3382 pudicitiaeque.
568 3310 607 3362 30
637 3306 777 3363 abiectam
800 3314 828 3361 et
850 3303 1011 3361 obscuram.
1057 3303 1097 3362 ib.
1121 3304 1239 3377 ingrate

162 3415 191 3462 et
212 3409 307 3484 impie.
355 3413 394 3466 36
418 3409 471 3465 doc
492 3411 605 3466 nomine
626 3418 736 3465 retento
759 3416 844 3484 atquc
865 3416 989 3464 seruata.
1037 3412 1075 3464 38
1099 3412 1239 3480 reputans

163 3518 192 3566 et
212 3510 273 3566 dies
295 3520 445 3588 noctesque
468 3514 609 3586 cogitans.
649 3511 689 3569 ib.
716 3510 957 3587 tranquillitatem
979 3518 1008 3566 et
1028 3511 1158 3585 quietem.
1197 3507 1237 3565 37

162 3629 235 3689 quae
264 3631 387 3689 unquam
419 3623 544 3672 uetustas
574 3613 674 3671 obruet
702 3623 753 3669 aut
782 3629 855 3688 qaae
884 3620 965 3669 tanta
994 3609 1100 3668 delebit
1119 3609 1236 3668 obliuio.

163 3715 248 3774 Adde
270 3714 310 3773 sis
334 3719 387 3775 ai:
410 3719 585 3774 seuerissime
607 3727 635 3774 et
653 3717 838 3792 grauissime.
875 3716 912 3772 ai
938 3733 1032 3771 omnes
1055 3713 1134 3771 docti
1153 3721 1240 3790 atque

163 3818 314 3894 sapientes.

249 3921 286 3979 In
309 3922 365 3979 hac
386 3920 478 3996 igitur
506 3942 539 3981 re
561 3923 663 3981 Cicero
691 3922 722 3979 in
745 3921 938 3981 Deiotariana
966 3940 1026 3979 non
1056 3926 1117 3979 tam
1143 3916 1236 3992 probe

165 4043 252 4103 quain
275 4025 307 4082 in
322 4024 481 4098 Ligariana
496 4031 615 4084 tenuem
632 4026 750 4083 modum
767 4023 920 4083 adhibuit:
944 4042 1121 4102 quamquam
1136 4038 1237 4078 exem-

163 4129 280 4202 plorum
303 4148 342 4186 ex
364 4147 405 4185 or.
423 4148 451 4203 p.
468 4127 534 4186 Dei.
551 4129 618 4185 hab.
636 4132 842 4202 congestorum
866 4146 1006 4186 numerus
1029 4119 1236 4204 (10.28-30)
1271 4190 1280 4207 .
