2752 4620
557 1012 812 1087 vita.

232 1353 327 1413 Natus
356 1374 419 1412 sum
443 1355 565 1414 Carolus
588 1355 751 1415 Guttmann
775 1355 972 1416 Vratislcviue
995 1355 1165 1414 Silesicrum
1189 1356 1219 1415 in

147 1457 244 1531 cupite
266 1476 293 1515 a.
310 1457 337 1515 d.
354 1455 439 1517 VIII.
456 1458 522 1516 Kal.
539 1459 633 1517 Maius
655 1478 681 1518 a.
697 1479 725 1534 p.
743 1459 811 1517 chr.
828 1479 856 1516 n.
874 1462 953 1515 1860
976 1462 1060 1534 patre
1078 1459 1220 1517 Mauricio

146 1557 294 1634 Adolpho,
317 1564 410 1618 matre
426 1559 599 1618 Constantia
621 1566 740 1635 egente
757 1559 982 1634 Hclwigiorum.
1026 1559 1128 1617 Fidem
1152 1580 1221 1635 prc-

146 1661 233 1720 fiteor
256 1661 465 1735 evangelicam.
510 1661 633 1720 Litteris
655 1661 788 1719 imbutus
811 1681 875 1719 sum
896 1660 930 1719 in
952 1660 1106 1737 gymnasio
1126 1663 1221 1720 Elisu-

146 1765 270 1835 betenc,
300 1765 378 1842 quod
402 1768 463 1821 tum
487 1763 616 1823 florebat
638 1762 779 1839 auspiciis
801 1764 872 1822 Kar.
896 1762 973 1821 Rud.
996 1762 1145 1836 Fickerti‚
1169 1765 1221 1842 qui

145 1867 193 1927 vir
208 1866 461 1942 praeclarissimus
474 1884 547 1939 eam,
571 1885 629 1944 qua
644 1865 702 1924 ium
718 1869 833 1941 patrem
848 1883 944 1923 meum
961 1865 1107 1938 affecerat,
1130 1866 1221 1924 bene-

91 1982 93 1987 ·
146 1969 307 2028 volentiam
331 1968 362 2026 in
379 1988 426 2027 me
441 1987 562 2048 quoque
583 1969 745 2029 transtulit.
792 1972 816 2025 A
833 1987 892 2047 quo
908 1971 1049 2027 autumno
1065 1986 1090 2026 a.
1107 1988 1135 2044 p.
1152 1970 1219 2028 Chr.

146 2091 175 2130 n.
192 2071 272 2129 1878
289 2072 409 2132 discessi
433 2071 611 2130 maturitatis
633 2072 713 2150 quod
730 2070 834 2129 dicunt
855 2070 1027 2130 testimonio
1049 2070 1220 2145 instructus,

147 2179 181 2232 ut
201 2173 232 2232 in
249 2175 444 2234 universitate
460 2173 606 2233 litteraria
622 2172 765 2232 Viudrinu
779 2173 885 2232 studiis
901 2192 948 2231 me
963 2174 1101 2232 dederem
1123 2174 1220 2251 philo-

146 2275 260 2352 logieis.
305 2278 341 2334 In
364 2295 439 2355 quse
468 2295 534 2334 cum
562 2295 616 2352 per
645 2277 679 2334 Π
702 2276 856 2335 semestris
878 2276 1002 2335 ducibus
1024 2276 1161 2352 inprimis
1184 2281 1220 2336 Α.

146 2379 339 2452 Rossbachio,
362 2384 398 2437 Α.
416 2378 672 2452 Reifferscheidic,
696 2380 737 2438 M.
761 2378 887 2439 Heitnio
910 2378 1121 2453 incubuissem,
1145 2379 1220 2459 Gry-

147 2483 248 2559 phium
270 2502 317 2542 me
340 2481 466 2555 contuli,
492 2483 544 2541 ubi
567 2502 621 2558 per
643 2501 697 2540 sex
720 2481 873 2542 semestris
895 2480 1010 2541 scholas
1031 2481 1220 2561 frequentavi

147 2586 197 2644 Fr.
212 2584 379 2658 Susemihli,
403 2586 457 2643 Ad.
482 2585 654 2660 Kiesslingi‚
677 2585 712 2643 U.
737 2586 772 2642 de
795 2583 1016 2656 Wilamcwitni‚
1039 2585 1073 2644 B.
1090 2584 1220 2659 Hirschi‚

146 2687 287 2765 Schuppi,
311 2686 409 2763 Vogti,
433 2686 585 2759 Preuneri,
609 2707 680 2745 sem.
696 2685 768 2761 phil.
787 2686 847 2744 scd.
864 2687 1013 2745 extrucrd.
1035 2705 1090 2762 per
1111 2687 1154 2745 IV
1176 2689 1221 2746 fui

87 2773 90 2778 ’
148 2790 316 2862 semestris,
340 2788 506 2848 ordinarius
528 2788 592 2847 fere
615 2806 668 2863 per
690 2788 748 2846 duc
771 2807 826 2847 nec
847 2807 909 2847 non
930 2787 1053 2847 interfui
1075 2791 1220 2850 exercita-

146 2894 279 2953 tionibus
309 2889 507 2951 Aristotelicis
536 2889 710 2963 Susemihli‚
741 2891 885 2949 Preuneni
913 2890 1155 2968 archaeologicis,
1185 2894 1219 2951 B.

147 2995 267 3054 Hirschi
289 2993 448 3054 historicis.

232 3100 290 3159 His
304 3098 378 3159 viris
394 3099 531 3158 omnibus
549 3099 687 3175 inprimis
702 3104 800 3158 eutem
817 3098 1072 3171 SUSEMIHLIO,
1095 3099 1219 3159 WILA·

145 3202 352 3262 MOWITZIO
376 3202 564 3281 meximeque
586 3203 651 3261 AD.
673 3201 940 3274 KIESSLINGIQ
965 3202 1015 3283 qui
1040 3221 1086 3261 me
1109 3203 1141 3259 in
1164 3204 1220 3261 huc

146 3306 341 3365 universitate
356 3305 477 3381 recepit,
500 3304 583 3378 eluit,
607 3305 700 3378 auxit,
723 3305 833 3381 gratias
854 3323 910 3379 ugo
929 3322 1016 3381 quum
1038 3323 1158 3379 possum
1181 3324 1219 3363 ex

146 3408 245 3467 enimc
267 3409 420 3477 maximus.
