<?xml version="1.0" encoding="UTF-8"?>
<!DOCTYPE html PUBLIC "-//W3C//DTD XHTML 1.0 Transitional//EN"
    "http://www.w3.org/TR/xhtml1/DTD/xhtml1-transitional.dtd">
<html xmlns="http://www.w3.org/1999/xhtml" xml:lang="en" lang="en">
 <head>
  <title>
</title>
<meta http-equiv="Content-Type" content="text/html;charset=utf-8" />
  <meta name='ocr-system' content='tesseract 3.04.00' />
  <meta name='ocr-capabilities' content='ocr_page ocr_carea ocr_par ocr_line ocrx_word'/>
</head>
<body>
  <div class='ocr_page' id='page_1' title='image "./deearumquaevoca00guttgoog_0068.png"; bbox 0 0 2752 4620; ppageno 0'>
   <div class='ocr_carea' id='block_1_1' title="bbox 576 267 789 335">
    <p class='ocr_par' dir='ltr' id='par_1_1' title="bbox 576 267 789 335">
     <span class='ocr_line' id='line_1_1' title="bbox 576 267 789 335; baseline -0.014 -17"><span class='ocrx_word' id='word_1_1' title='bbox 576 267 789 335; x_wconf 74' lang='lat'>..57-</span> 
     </span>
    </p>
   </div>
   <div class='ocr_carea' id='block_1_2' title="bbox 146 422 1223 3678">
    <p class='ocr_par' dir='ltr' id='par_1_2' title="bbox 146 422 1223 3678">
     <span class='ocr_line' id='line_1_2' title="bbox 148 422 1221 504; baseline -0.005 -20"><span class='ocrx_word' id='word_1_2' title='bbox 148 425 325 485; x_wconf 83' lang='lat' dir='ltr'>Hendwerhe</span> <span class='ocrx_word' id='word_1_3' title='bbox 345 427 426 484; x_wconf 82' lang='lat' dir='ltr'>nieht</span> <span class='ocrx_word' id='word_1_4' title='bbox 447 425 506 504; x_wconf 83' lang='lat' dir='ltr'>cus</span> <span class='ocrx_word' id='word_1_5' title='bbox 522 426 581 482; x_wconf 79' lang='lat' dir='ltr'>dam</span> <span class='ocrx_word' id='word_1_6' title='bbox 607 423 773 502; x_wconf 69' lang='lat' dir='ltr'>Lausenderr</span> <span class='ocrx_word' id='word_1_7' title='bbox 796 424 856 481; x_wconf 77' lang='lat' dir='ltr'>send</span> <span class='ocrx_word' id='word_1_8' title='bbox 877 422 981 480; x_wconf 76' lang='lat' dir='ltr'>Calvus</span> <span class='ocrx_word' id='word_1_9' title='bbox 1005 422 1221 481; x_wconf 79' lang='lat' dir='ltr'>Votrbzbsreden</span> 
     </span>
     <span class='ocr_line' id='line_1_3' title="bbox 147 524 1221 596; baseline -0.005 -10"><span class='ocrx_word' id='word_1_10' title='bbox 147 528 283 586; x_wconf 81' lang='lat' dir='ltr'>bruchten</span> <span class='ocrx_word' id='word_1_11' title='bbox 306 529 363 586; x_wconf 84' lang='lat' dir='ltr'>r&#39;hm</span> <span class='ocrx_word' id='word_1_12' title='bbox 385 529 430 586; x_wconf 81' lang='lat' dir='ltr'>die</span> <span class='ocrx_word' id='word_1_13' title='bbox 453 527 555 586; x_wconf 77' lang='lat' dir='ltr'>hs&#39;ttere</span> <span class='ocrx_word' id='word_1_14' title='bbox 577 527 783 596; x_wconf 81' lang='lat' dir='ltr'>Erhenntm‘ss,</span> <span class='ocrx_word' id='word_1_15' title='bbox 808 526 876 584; x_wconf 81' lang='lat' dir='ltr'>dass</span> <span class='ocrx_word' id='word_1_16' title='bbox 898 527 951 583; x_wconf 80' lang='lat' dir='ltr'>mit</span> <span class='ocrx_word' id='word_1_17' title='bbox 971 527 1032 584; x_wconf 82' lang='lat' dir='ltr'>dem</span> <span class='ocrx_word' id='word_1_18' title='bbox 1055 526 1147 583; x_wconf 83' lang='lat' dir='ltr'>Sturz</span> <span class='ocrx_word' id='word_1_19' title='bbox 1170 524 1221 582; x_wconf 85' lang='lat' dir='ltr'>der</span> 
     </span>
     <span class='ocr_line' id='line_1_4' title="bbox 147 627 1222 706; baseline -0.001 -19"><span class='ocrx_word' id='word_1_20' title='bbox 147 631 276 688; x_wconf 77' lang='lat' dir='ltr'>Asrbner</span> <span class='ocrx_word' id='word_1_21' title='bbox 297 632 371 689; x_wconf 81' lang='lat' dir='ltr'>euch</span> <span class='ocrx_word' id='word_1_22' title='bbox 394 632 454 688; x_wconf 73' lang='lat' dir='ltr'>sethe</span> <span class='ocrx_word' id='word_1_23' title='bbox 476 631 566 689; x_wconf 82' lang='lat' dir='ltr'>Ruhm</span> <span class='ocrx_word' id='word_1_24' title='bbox 590 629 698 706; x_wconf 79' lang='lat' dir='ltr'>Gesuhr</span> <span class='ocrx_word' id='word_1_25' title='bbox 721 627 811 706; x_wconf 60' lang='lat' dir='ltr'>h&#39;esef</span> <span class='ocrx_word' id='word_1_26' title='bbox 855 629 934 688; x_wconf 87' lang='lat' dir='ltr'>Num</span> <span class='ocrx_word' id='word_1_27' title='bbox 961 627 1055 704; x_wconf 81' lang='lat' dir='ltr'>igitur</span> <span class='ocrx_word' id='word_1_28' title='bbox 1081 628 1153 687; x_wconf 88' lang='lat' dir='ltr'>adeo</span> <span class='ocrx_word' id='word_1_29' title='bbox 1177 631 1222 687; x_wconf 89' lang='lat' dir='ltr'>est</span> 
     </span>
     <span class='ocr_line' id='line_1_5' title="bbox 147 729 1221 811; baseline -0.003 -21"><span class='ocrx_word' id='word_1_30' title='bbox 147 733 267 805; x_wconf 89' lang='lat' dir='ltr'>mirum,</span> <span class='ocrx_word' id='word_1_31' title='bbox 300 733 325 792; x_wconf 91' lang='lat' dir='ltr'>si</span> <span class='ocrx_word' id='word_1_32' title='bbox 347 733 504 793; x_wconf 75' lang='lat' dir='ltr'><strong>statuimus</strong></span> <span class='ocrx_word' id='word_1_33' title='bbox 526 734 697 793; x_wconf 89' lang='lat' dir='ltr'>Ciceronem</span> <span class='ocrx_word' id='word_1_34' title='bbox 727 732 758 789; x_wconf 91' lang='lat' dir='ltr'>in</span> <span class='ocrx_word' id='word_1_35' title='bbox 782 731 967 792; x_wconf 89' lang='lat' dir='ltr'>orationibus</span> <span class='ocrx_word' id='word_1_36' title='bbox 995 729 1221 811; x_wconf 81' lang='lat' dir='ltr'>insequentibus</span> 
     </span>
     <span class='ocr_line' id='line_1_6' title="bbox 150 832 1222 914; baseline -0.005 -21"><span class='ocrx_word' id='word_1_37' title='bbox 150 853 328 914; x_wconf 88' lang='lat' dir='ltr'>quamquam</span> <span class='ocrx_word' id='word_1_38' title='bbox 358 855 419 895; x_wconf 91' lang='lat' dir='ltr'>non</span> <span class='ocrx_word' id='word_1_39' title='bbox 441 835 577 896; x_wconf 91' lang='lat' dir='ltr'>omnibus</span> <span class='ocrx_word' id='word_1_40' title='bbox 605 835 637 893; x_wconf 92' lang='lat' dir='ltr'>in</span> <span class='ocrx_word' id='word_1_41' title='bbox 659 835 749 894; x_wconf 90' lang='lat' dir='ltr'>rebus</span> <span class='ocrx_word' id='word_1_42' title='bbox 771 833 950 894; x_wconf 75' lang='lat' dir='ltr'>concesserit</span> <span class='ocrx_word' id='word_1_43' title='bbox 971 832 1093 905; x_wconf 80' lang='lat' dir='ltr'>Atticis,</span> <span class='ocrx_word' id='word_1_44' title='bbox 1124 835 1222 891; x_wconf 84' lang='lat' dir='ltr'>tamen</span> 
     </span>
     <span class='ocr_line' id='line_1_7' title="bbox 148 933 1221 1017; baseline -0.004 -22"><span class='ocrx_word' id='word_1_45' title='bbox 148 937 179 996; x_wconf 94' lang='lat' dir='ltr'>id</span> <span class='ocrx_word' id='word_1_46' title='bbox 202 936 321 1017; x_wconf 88' lang='lat' dir='ltr'>quidem</span> <span class='ocrx_word' id='word_1_47' title='bbox 344 939 504 1013; x_wconf 80' lang='lat' dir='ltr'>studuisse,</span> <span class='ocrx_word' id='word_1_48' title='bbox 527 944 561 999; x_wconf 91' lang='lat' dir='ltr'>ut</span> <span class='ocrx_word' id='word_1_49' title='bbox 582 937 757 1015; x_wconf 76' lang='lat' dir='ltr'>compositio</span> <span class='ocrx_word' id='word_1_50' title='bbox 780 956 840 996; x_wconf 91' lang='lat' dir='ltr'>non</span> <span class='ocrx_word' id='word_1_51' title='bbox 861 937 934 996; x_wconf 89' lang='lat' dir='ltr'>adeo</span> <span class='ocrx_word' id='word_1_52' title='bbox 957 935 1117 996; x_wconf 86' lang='lat' dir='ltr'>artificiose</span> <span class='ocrx_word' id='word_1_53' title='bbox 1138 933 1221 993; x_wconf 86' lang='lat' dir='ltr'>vide-</span> 
     </span>
     <span class='ocr_line' id='line_1_8' title="bbox 148 1036 1219 1119; baseline -0.005 -22"><span class='ocrx_word' id='word_1_54' title='bbox 148 1038 249 1098; x_wconf 84' lang='lat' dir='ltr'>retur?</span> <span class='ocrx_word' id='word_1_55' title='bbox 292 1041 368 1099; x_wconf 87' lang='lat' dir='ltr'>Nam</span> <span class='ocrx_word' id='word_1_56' title='bbox 390 1041 463 1099; x_wconf 90' lang='lat' dir='ltr'>illud</span> <span class='ocrx_word' id='word_1_57' title='bbox 486 1061 545 1100; x_wconf 92' lang='lat' dir='ltr'>non</span> <span class='ocrx_word' id='word_1_58' title='bbox 569 1040 608 1100; x_wconf 88' lang='lat' dir='ltr'>sit</span> <span class='ocrx_word' id='word_1_59' title='bbox 630 1039 878 1112; x_wconf 82' lang='lat' dir='ltr'>addubitandum,</span> <span class='ocrx_word' id='word_1_60' title='bbox 909 1039 982 1119; x_wconf 91' lang='lat' dir='ltr'>quin</span> <span class='ocrx_word' id='word_1_61' title='bbox 1005 1036 1140 1098; x_wconf 75' lang='lat' dir='ltr'>Ciceroni</span> <span class='ocrx_word' id='word_1_62' title='bbox 1165 1055 1219 1093; x_wconf 91' lang='lat' dir='ltr'>nu·</span> 
     </span>
     <span class='ocr_line' id='line_1_9' title="bbox 150 1137 1223 1219; baseline -0.006 -19"><span class='ocrx_word' id='word_1_63' title='bbox 150 1161 298 1201; x_wconf 89' lang='lat' dir='ltr'>merorum</span> <span class='ocrx_word' id='word_1_64' title='bbox 326 1143 456 1202; x_wconf 90' lang='lat' dir='ltr'>studium</span> <span class='ocrx_word' id='word_1_65' title='bbox 484 1143 565 1202; x_wconf 89' lang='lat' dir='ltr'>haud</span> <span class='ocrx_word' id='word_1_66' title='bbox 587 1162 679 1219; x_wconf 82' lang='lat' dir='ltr'>parvo</span> <span class='ocrx_word' id='word_1_67' title='bbox 702 1142 796 1203; x_wconf 81' lang='lat' dir='ltr'>Attici</span> <span class='ocrx_word' id='word_1_68' title='bbox 818 1141 964 1202; x_wconf 85' lang='lat' dir='ltr'>verterint</span> <span class='ocrx_word' id='word_1_69' title='bbox 985 1138 1161 1218; x_wconf 84' lang='lat' dir='ltr'>opprobrio:</span> <span class='ocrx_word' id='word_1_70' title='bbox 1191 1137 1223 1195; x_wconf 95' lang='lat' dir='ltr'>id</span> 
     </span>
     <span class='ocr_line' id='line_1_10' title="bbox 149 1244 1221 1324; baseline -0.002 -23"><span class='ocrx_word' id='word_1_71' title='bbox 149 1244 308 1322; x_wconf 87' lang='lat' dir='ltr'>quodiam</span> <span class='ocrx_word' id='word_1_72' title='bbox 331 1263 370 1302; x_wconf 85' lang='lat' dir='ltr'>ex</span> <span class='ocrx_word' id='word_1_73' title='bbox 391 1263 426 1304; x_wconf 91' lang='lat' dir='ltr'>so</span> <span class='ocrx_word' id='word_1_74' title='bbox 448 1249 547 1321; x_wconf 88' lang='lat' dir='ltr'>potest</span> <span class='ocrx_word' id='word_1_75' title='bbox 569 1245 655 1318; x_wconf 86' lang='lat' dir='ltr'>effici,</span> <span class='ocrx_word' id='word_1_76' title='bbox 679 1246 758 1324; x_wconf 91' lang='lat' dir='ltr'>quod</span> <span class='ocrx_word' id='word_1_77' title='bbox 781 1244 883 1305; x_wconf 89' lang='lat' dir='ltr'>Cicero</span> <span class='ocrx_word' id='word_1_78' title='bbox 906 1244 937 1302; x_wconf 93' lang='lat' dir='ltr'>in</span> <span class='ocrx_word' id='word_1_79' title='bbox 960 1247 1077 1304; x_wconf 90' lang='lat' dir='ltr'>oratore</span> <span class='ocrx_word' id='word_1_80' title='bbox 1100 1261 1152 1301; x_wconf 93' lang='lat' dir='ltr'>suo</span> <span class='ocrx_word' id='word_1_81' title='bbox 1175 1244 1221 1300; x_wconf 89' lang='lat' dir='ltr'>tot</span> 
     </span>
     <span class='ocr_line' id='line_1_11' title="bbox 147 1344 1221 1426; baseline -0.003 -22"><span class='ocrx_word' id='word_1_82' title='bbox 147 1346 240 1405; x_wconf 87' lang='lat' dir='ltr'>verbe</span> <span class='ocrx_word' id='word_1_83' title='bbox 261 1350 433 1426; x_wconf 83' lang='lat' dir='ltr'>tantamque</span> <span class='ocrx_word' id='word_1_84' title='bbox 455 1346 638 1423; x_wconf 83' lang='lat' dir='ltr'>diligentiam</span> <span class='ocrx_word' id='word_1_85' title='bbox 667 1348 700 1406; x_wconf 90' lang='lat' dir='ltr'>in</span> <span class='ocrx_word' id='word_1_86' title='bbox 722 1348 779 1407; x_wconf 91' lang='lat' dir='ltr'>hoc</span> <span class='ocrx_word' id='word_1_87' title='bbox 800 1347 866 1423; x_wconf 88' lang='lat' dir='ltr'>ipso</span> <span class='ocrx_word' id='word_1_88' title='bbox 888 1347 1041 1407; x_wconf 87' lang='lat' dir='ltr'>tractando</span> <span class='ocrx_word' id='word_1_89' title='bbox 1064 1344 1129 1404; x_wconf 91' lang='lat' dir='ltr'>loco</span> <span class='ocrx_word' id='word_1_90' title='bbox 1152 1363 1221 1403; x_wconf 91' lang='lat' dir='ltr'>con-</span> 
     </span>
     <span class='ocr_line' id='line_1_12' title="bbox 146 1446 1221 1530; baseline -0.003 -24"><span class='ocrx_word' id='word_1_91' title='bbox 146 1448 286 1525; x_wconf 84' lang='lat' dir='ltr'>sumpsit:</span> <span class='ocrx_word' id='word_1_92' title='bbox 319 1469 378 1530; x_wconf 91' lang='lat' dir='ltr'>quo</span> <span class='ocrx_word' id='word_1_93' title='bbox 400 1450 489 1508; x_wconf 86' lang='lat' dir='ltr'>addus</span> <span class='ocrx_word' id='word_1_94' title='bbox 512 1468 588 1529; x_wconf 86' lang='lat' dir='ltr'>quae</span> <span class='ocrx_word' id='word_1_95' title='bbox 609 1451 688 1527; x_wconf 87' lang='lat' dir='ltr'>apud</span> <span class='ocrx_word' id='word_1_96' title='bbox 712 1449 931 1514; x_wconf 77' lang='lat' dir='ltr'>Quintilianum</span> <span class='ocrx_word' id='word_1_97' title='bbox 954 1449 1064 1525; x_wconf 87' lang='lat' dir='ltr'>scripte</span> <span class='ocrx_word' id='word_1_98' title='bbox 1085 1446 1221 1507; x_wconf 86' lang='lat' dir='ltr'>videmus</span> 
     </span>
     <span class='ocr_line' id='line_1_13' title="bbox 146 1550 1222 1629; baseline -0.005 -20"><span class='ocrx_word' id='word_1_99' title='bbox 146 1550 204 1624; x_wconf 88' lang='lat' dir='ltr'>IX,</span> <span class='ocrx_word' id='word_1_100' title='bbox 222 1558 248 1625; x_wconf 88' lang='lat'>4,</span> <span class='ocrx_word' id='word_1_101' title='bbox 267 1556 322 1610; x_wconf 79' lang='lat'>53:</span> <span class='ocrx_word' id='word_1_102' title='bbox 353 1554 409 1622; x_wconf 76' lang='lat' dir='ltr'>,At</span> <span class='ocrx_word' id='word_1_103' title='bbox 433 1553 532 1610; x_wconf 77' lang='lat' dir='ltr'>Cicero</span> <span class='ocrx_word' id='word_1_104' title='bbox 547 1550 782 1629; x_wconf 79' lang='lat' dir='ltr'>frequentissime</span> <span class='ocrx_word' id='word_1_105' title='bbox 811 1552 883 1608; x_wconf 80' lang='lat' dir='ltr'>dicit</span> <span class='ocrx_word' id='word_1_106' title='bbox 905 1559 992 1607; x_wconf 86' lang='lat' dir='ltr'>totum</span> <span class='ocrx_word' id='word_1_107' title='bbox 1015 1550 1068 1607; x_wconf 87' lang='lat' dir='ltr'>hoe</span> <span class='ocrx_word' id='word_1_108' title='bbox 1090 1557 1222 1605; x_wconf 80' lang='lat' dir='ltr'>constare</span> 
     </span>
     <span class='ocr_line' id='line_1_14' title="bbox 149 1648 1222 1729; baseline -0.004 -20"><span class='ocrx_word' id='word_1_109' title='bbox 149 1654 293 1722; x_wconf 81' lang='lat' dir='ltr'>numeris,-</span> <span class='ocrx_word' id='word_1_110' title='bbox 325 1653 483 1729; x_wconf 81' lang='lat' dir='ltr'>ideoque</span> <span class='ocrx_word' id='word_1_111' title='bbox 511 1650 802 1728; x_wconf 75' lang='lat' dir='ltr'>reprehenditur</span> <span class='ocrx_word' id='word_1_112' title='bbox 832 1669 849 1708; x_wconf 88' lang='lat' dir='ltr'>u</span> <span class='ocrx_word' id='word_1_113' title='bbox 878 1648 1100 1727; x_wconf 80' lang='lat' dir='ltr'>quibusdum</span> <span class='ocrx_word' id='word_1_114' title='bbox 1133 1657 1222 1706; x_wconf 85' lang='lat' dir='ltr'>tum·</span> 
     </span>
     <span class='ocr_line' id='line_1_15' title="bbox 149 1751 1221 1831; baseline -0.002 -23"><span class='ocrx_word' id='word_1_115' title='bbox 149 1771 250 1829; x_wconf 81' lang='lat' dir='ltr'>quom</span> <span class='ocrx_word' id='word_1_116' title='bbox 273 1756 482 1811; x_wconf 82' lang='lat' dir='ltr'>orationem</span> <span class='ocrx_word' id='word_1_117' title='bbox 504 1754 550 1811; x_wconf 87' lang='lat' dir='ltr'>od</span> <span class='ocrx_word' id='word_1_118' title='bbox 570 1753 760 1829; x_wconf 75' lang='lat' dir='ltr'>rhythmos</span> <span class='ocrx_word' id='word_1_119' title='bbox 783 1751 1028 1831; x_wconf 73' lang='lat' dir='ltr'>alliget140).‘</span> <span class='ocrx_word' id='word_1_120' title='bbox 1073 1751 1221 1810; x_wconf 85' lang='lat' dir='ltr'>Necvero</span> 
     </span>
     <span class='ocr_line' id='line_1_16' title="bbox 150 1851 1222 1928; baseline 0 -18"><span class='ocrx_word' id='word_1_121' title='bbox 150 1852 251 1913; x_wconf 90' lang='lat' dir='ltr'>Cicero</span> <span class='ocrx_word' id='word_1_122' title='bbox 274 1873 307 1913; x_wconf 89' lang='lat' dir='ltr'>re</span> <span class='ocrx_word' id='word_1_123' title='bbox 327 1874 399 1915; x_wconf 86' lang='lat' dir='ltr'>vera</span> <span class='ocrx_word' id='word_1_124' title='bbox 420 1876 460 1915; x_wconf 87' lang='lat' dir='ltr'>ex</span> <span class='ocrx_word' id='word_1_125' title='bbox 480 1855 608 1917; x_wconf 79' lang='lat' dir='ltr'>vinculis</span> <span class='ocrx_word' id='word_1_126' title='bbox 630 1875 820 1916; x_wconf 89' lang='lat' dir='ltr'>numerorum</span> <span class='ocrx_word' id='word_1_127' title='bbox 842 1875 873 1915; x_wconf 92' lang='lat' dir='ltr'>se</span> <span class='ocrx_word' id='word_1_128' title='bbox 896 1855 1024 1915; x_wconf 89' lang='lat' dir='ltr'>liberare</span> <span class='ocrx_word' id='word_1_129' title='bbox 1051 1857 1103 1913; x_wconf 86' lang='lat' dir='ltr'>aut</span> <span class='ocrx_word' id='word_1_130' title='bbox 1124 1851 1222 1928; x_wconf 84' lang='lat' dir='ltr'>potuit</span> 
     </span>
     <span class='ocr_line' id='line_1_17' title="bbox 149 1953 1222 2019; baseline -0.004 -5"><span class='ocrx_word' id='word_1_131' title='bbox 149 1961 201 2016; x_wconf 88' lang='lat' dir='ltr'>cut</span> <span class='ocrx_word' id='word_1_132' title='bbox 222 1955 332 2017; x_wconf 84' lang='lat' dir='ltr'>voluit:</span> <span class='ocrx_word' id='word_1_133' title='bbox 363 1958 394 2016; x_wconf 93' lang='lat' dir='ltr'>id</span> <span class='ocrx_word' id='word_1_134' title='bbox 416 1963 531 2018; x_wconf 87' lang='lat' dir='ltr'>tantum</span> <span class='ocrx_word' id='word_1_135' title='bbox 554 1959 761 2018; x_wconf 78' lang='lat' dir='ltr'>contendimus</span> <span class='ocrx_word' id='word_1_136' title='bbox 783 1958 955 2019; x_wconf 80' lang='lat' dir='ltr'>Ciceronem</span> <span class='ocrx_word' id='word_1_137' title='bbox 982 1958 1052 2017; x_wconf 91' lang='lat' dir='ltr'>inde</span> <span class='ocrx_word' id='word_1_138' title='bbox 1075 1956 1112 2014; x_wconf 86' lang='lat' dir='ltr'>ab</span> <span class='ocrx_word' id='word_1_139' title='bbox 1135 1953 1222 2011; x_wconf 87' lang='lat' dir='ltr'>Milo·</span> 
     </span>
     <span class='ocr_line' id='line_1_18' title="bbox 149 2056 1221 2141; baseline 0.001 -26"><span class='ocrx_word' id='word_1_140' title='bbox 149 2058 252 2131; x_wconf 89' lang='lat' dir='ltr'>niana,</span> <span class='ocrx_word' id='word_1_141' title='bbox 285 2079 350 2118; x_wconf 91' lang='lat' dir='ltr'>cum</span> <span class='ocrx_word' id='word_1_142' title='bbox 373 2060 467 2136; x_wconf 85' lang='lat' dir='ltr'>magis</span> <span class='ocrx_word' id='word_1_143' title='bbox 489 2059 672 2141; x_wconf 74' lang='grc' dir='ltr'><strong><em>πραγματείᾳ</em></strong></span> <span class='ocrx_word' id='word_1_144' title='bbox 701 2080 821 2137; x_wconf 87' lang='lat' dir='ltr'>operam</span> <span class='ocrx_word' id='word_1_145' title='bbox 851 2062 920 2120; x_wconf 88' lang='lat' dir='ltr'>dare</span> <span class='ocrx_word' id='word_1_146' title='bbox 944 2061 1089 2131; x_wconf 86' lang='lat' dir='ltr'>studeret,</span> <span class='ocrx_word' id='word_1_147' title='bbox 1122 2056 1221 2134; x_wconf 80' lang='lat' dir='ltr'>negle-</span> 
     </span>
     <span class='ocr_line' id='line_1_19' title="bbox 150 2161 1222 2237; baseline 0 -18"><span class='ocrx_word' id='word_1_148' title='bbox 150 2161 269 2237; x_wconf 85' lang='lat' dir='ltr'>gentius</span> <span class='ocrx_word' id='word_1_149' title='bbox 296 2166 438 2223; x_wconf 84' lang='lat' dir='ltr'>tractasse</span> <span class='ocrx_word' id='word_1_150' title='bbox 467 2165 626 2224; x_wconf 85' lang='lat' dir='ltr'>verborum</span> <span class='ocrx_word' id='word_1_151' title='bbox 656 2183 805 2224; x_wconf 88' lang='lat' dir='ltr'>numeros.</span> <span class='ocrx_word' id='word_1_152' title='bbox 851 2166 998 2224; x_wconf 87' lang='lat' dir='ltr'>Necnon</span> <span class='ocrx_word' id='word_1_153' title='bbox 1025 2161 1222 2223; x_wconf 88' lang='lat' dir='ltr'>inveniuntur</span> 
     </span>
     <span class='ocr_line' id='line_1_20' title="bbox 149 2262 1222 2344; baseline -0.001 -23"><span class='ocrx_word' id='word_1_154' title='bbox 149 2264 306 2325; x_wconf 78' lang='lat' dir='ltr'>manifesta</span> <span class='ocrx_word' id='word_1_155' title='bbox 326 2266 415 2325; x_wconf 92' lang='lat' dir='ltr'>huius</span> <span class='ocrx_word' id='word_1_156' title='bbox 439 2266 643 2343; x_wconf 81' lang='lat' dir='ltr'>neglegentiae</span> <span class='ocrx_word' id='word_1_157' title='bbox 666 2267 813 2344; x_wconf 85' lang='lat' dir='ltr'>exempla.</span> <span class='ocrx_word' id='word_1_158' title='bbox 857 2267 936 2331; x_wconf 78' lang='lat' dir='ltr'>Quid</span> <span class='ocrx_word' id='word_1_159' title='bbox 952 2266 1032 2326; x_wconf 90' lang='lat' dir='ltr'>enim</span> <span class='ocrx_word' id='word_1_160' title='bbox 1054 2268 1100 2325; x_wconf 87' lang='lat' dir='ltr'>est</span> <span class='ocrx_word' id='word_1_161' title='bbox 1121 2262 1222 2322; x_wconf 90' lang='lat' dir='ltr'>notius</span> 
     </span>
     <span class='ocr_line' id='line_1_21' title="bbox 150 2368 1222 2448; baseline -0.001 -24"><span class='ocrx_word' id='word_1_162' title='bbox 150 2385 240 2444; x_wconf 89' lang='lat' dir='ltr'>quam</span> <span class='ocrx_word' id='word_1_163' title='bbox 262 2368 400 2448; x_wconf 85' lang='lat' dir='ltr'>quamvis</span> <span class='ocrx_word' id='word_1_164' title='bbox 421 2368 624 2429; x_wconf 86' lang='lat' dir='ltr'>adamaverint</span> <span class='ocrx_word' id='word_1_165' title='bbox 647 2373 778 2429; x_wconf 88' lang='lat' dir='ltr'>oratores</span> <span class='ocrx_word' id='word_1_166' title='bbox 801 2389 969 2443; x_wconf 91' lang='lat' dir='ltr'>numerum,</span> <span class='ocrx_word' id='word_1_167' title='bbox 998 2374 1098 2429; x_wconf 86' lang='lat' dir='ltr'>tamen</span> <span class='ocrx_word' id='word_1_168' title='bbox 1119 2385 1222 2428; x_wconf 89' lang='lat' dir='ltr'>versus</span> 
     </span>
     <span class='ocr_line' id='line_1_22' title="bbox 148 2468 1222 2550; baseline 0.004 -26"><span class='ocrx_word' id='word_1_169' title='bbox 148 2468 181 2525; x_wconf 92' lang='lat' dir='ltr'>in</span> <span class='ocrx_word' id='word_1_170' title='bbox 203 2488 293 2545; x_wconf 88' lang='lat' dir='ltr'>prosa</span> <span class='ocrx_word' id='word_1_171' title='bbox 314 2472 448 2532; x_wconf 86' lang='lat' dir='ltr'>oratione</span> <span class='ocrx_word' id='word_1_172' title='bbox 470 2472 519 2532; x_wconf 87' lang='lat' dir='ltr'>vel</span> <span class='ocrx_word' id='word_1_173' title='bbox 541 2471 670 2530; x_wconf 89' lang='lat' dir='ltr'>maxime</span> <span class='ocrx_word' id='word_1_174' title='bbox 691 2472 784 2532; x_wconf 83' lang='lat' dir='ltr'>fuisse</span> <span class='ocrx_word' id='word_1_175' title='bbox 811 2473 976 2548; x_wconf 80' lang='lat' dir='ltr'>fugiendos.</span> <span class='ocrx_word' id='word_1_176' title='bbox 1021 2473 1127 2550; x_wconf 88' lang='lat' dir='ltr'>Itaque</span> <span class='ocrx_word' id='word_1_177' title='bbox 1149 2469 1222 2528; x_wconf 88' lang='lat' dir='ltr'>Wii·</span> 
     </span>
     <span class='ocr_line' id='line_1_23' title="bbox 149 2572 1222 2636; baseline -0.005 -4"><span class='ocrx_word' id='word_1_178' title='bbox 149 2572 224 2632; x_wconf 90' lang='lat' dir='ltr'>stius</span> <span class='ocrx_word' id='word_1_179' title='bbox 239 2573 309 2633; x_wconf 89' lang='lat' dir='ltr'>satis</span> <span class='ocrx_word' id='word_1_180' title='bbox 324 2575 541 2636; x_wconf 84' lang='lat' dir='ltr'>demonstravit</span> <span class='ocrx_word' id='word_1_181' title='bbox 556 2575 730 2635; x_wconf 77' lang='lat' dir='ltr'>Ciceronem</span> <span class='ocrx_word' id='word_1_182' title='bbox 745 2575 905 2635; x_wconf 78' lang='lat' dir='ltr'>clausulam</span> <span class='ocrx_word' id='word_1_183' title='bbox 920 2575 1069 2635; x_wconf 83' lang='lat' dir='ltr'>heroicam</span> <span class='ocrx_word' id='word_1_184' title='bbox 1084 2600 1222 2633; x_wconf 70' lang='grc' dir='ltr'>υυυυυ</span> 
     </span>
     <span class='ocr_line' id='line_1_24' title="bbox 149 2675 1222 2752; baseline -0.002 -19"><span class='ocrx_word' id='word_1_185' title='bbox 149 2675 262 2736; x_wconf 84' lang='lat' dir='ltr'>evitare</span> <span class='ocrx_word' id='word_1_186' title='bbox 289 2676 448 2752; x_wconf 82' lang='lat' dir='ltr'>diligenter</span> <span class='ocrx_word' id='word_1_187' title='bbox 477 2677 634 2752; x_wconf 88' lang='lat' dir='ltr'>studuisse.</span> <span class='ocrx_word' id='word_1_188' title='bbox 680 2675 746 2740; x_wconf 78' lang='lat' dir='ltr'>Qua</span> <span class='ocrx_word' id='word_1_189' title='bbox 775 2678 807 2736; x_wconf 92' lang='lat' dir='ltr'>in</span> <span class='ocrx_word' id='word_1_190' title='bbox 829 2698 861 2737; x_wconf 89' lang='lat' dir='ltr'>re</span> <span class='ocrx_word' id='word_1_191' title='bbox 893 2677 1017 2736; x_wconf 86' lang='lat' dir='ltr'>nonita</span> <span class='ocrx_word' id='word_1_192' title='bbox 1039 2675 1163 2734; x_wconf 91' lang='lat' dir='ltr'>multum</span> <span class='ocrx_word' id='word_1_193' title='bbox 1187 2691 1222 2731; x_wconf 86' lang='lat' dir='ltr'>ca</span> 
     </span>
     <span class='ocr_line' id='line_1_25' title="bbox 149 2775 1221 2859; baseline -0.004 -23"><span class='ocrx_word' id='word_1_194' title='bbox 149 2779 287 2854; x_wconf 85' lang='lat' dir='ltr'>exempla</span> <span class='ocrx_word' id='word_1_195' title='bbox 308 2779 493 2854; x_wconf 84' lang='lat' dir='ltr'>respicienda</span> <span class='ocrx_word' id='word_1_196' title='bbox 514 2784 615 2855; x_wconf 87' lang='lat' dir='ltr'>putet,</span> <span class='ocrx_word' id='word_1_197' title='bbox 650 2779 759 2859; x_wconf 89' lang='lat' dir='ltr'>quibus</span> <span class='ocrx_word' id='word_1_198' title='bbox 781 2799 819 2838; x_wconf 85' lang='lat' dir='ltr'>ex</span> <span class='ocrx_word' id='word_1_199' title='bbox 842 2779 957 2838; x_wconf 90' lang='lat' dir='ltr'>minore</span> <span class='ocrx_word' id='word_1_200' title='bbox 979 2775 1221 2855; x_wconf 87' lang='lat' dir='ltr'>interpunctione</span> 
     </span>
     <span class='ocr_line' id='line_1_26' title="bbox 149 2879 1220 2959; baseline -0.003 -21"><span class='ocrx_word' id='word_1_201' title='bbox 149 2880 170 2957; x_wconf 75' lang='lat' dir='ltr'>(t</span> <span class='ocrx_word' id='word_1_202' title='bbox 182 2880 203 2957; x_wconf 91' lang='lat'>;)</span> <span class='ocrx_word' id='word_1_203' title='bbox 226 2882 369 2959; x_wconf 87' lang='lat' dir='ltr'>quaedam</span> <span class='ocrx_word' id='word_1_204' title='bbox 393 2881 545 2940; x_wconf 87' lang='lat' dir='ltr'>excusatio</span> <span class='ocrx_word' id='word_1_205' title='bbox 568 2881 710 2941; x_wconf 90' lang='lat' dir='ltr'>oboritur.</span> <span class='ocrx_word' id='word_1_206' title='bbox 754 2885 795 2942; x_wconf 86' lang='lat' dir='ltr'>At</span> <span class='ocrx_word' id='word_1_207' title='bbox 810 2901 848 2941; x_wconf 90' lang='lat' dir='ltr'>ne</span> <span class='ocrx_word' id='word_1_208' title='bbox 869 2883 901 2940; x_wconf 91' lang='lat' dir='ltr'>in</span> <span class='ocrx_word' id='word_1_209' title='bbox 917 2881 1082 2941; x_wconf 89' lang='lat' dir='ltr'>minoribus</span> <span class='ocrx_word' id='word_1_210' title='bbox 1098 2879 1220 2959; x_wconf 90' lang='lat' dir='ltr'>quidem</span> 
     </span>
     <span class='ocr_line' id='line_1_27' title="bbox 148 2981 1219 3061; baseline -0.004 -20"><span class='ocrx_word' id='word_1_211' title='bbox 148 2982 288 3041; x_wconf 89' lang='lat' dir='ltr'>membris</span> <span class='ocrx_word' id='word_1_212' title='bbox 315 2982 466 3043; x_wconf 87' lang='lat' dir='ltr'>heroicam</span> <span class='ocrx_word' id='word_1_213' title='bbox 487 2983 648 3042; x_wconf 83' lang='lat' dir='ltr'>clausulam</span> <span class='ocrx_word' id='word_1_214' title='bbox 677 2985 709 3042; x_wconf 93' lang='lat' dir='ltr'>in</span> <span class='ocrx_word' id='word_1_215' title='bbox 732 2983 907 3061; x_wconf 81' lang='lat' dir='ltr'>disyllabum</span> <span class='ocrx_word' id='word_1_216' title='bbox 931 3003 1035 3045; x_wconf 83' lang='lat' dir='ltr'>vocem</span> <span class='ocrx_word' id='word_1_217' title='bbox 1063 2981 1219 3040; x_wconf 84' lang='lat' dir='ltr'>finientem</span> 
     </span>
     <span class='ocr_line' id='line_1_28' title="bbox 148 3084 1220 3163; baseline 0.002 -21"><span class='ocrx_word' id='word_1_218' title='bbox 148 3084 266 3145; x_wconf 83' lang='lat' dir='ltr'>invenit</span> <span class='ocrx_word' id='word_1_219' title='bbox 295 3085 345 3163; x_wconf 82' lang='lat' dir='ltr'>(cf.</span> <span class='ocrx_word' id='word_1_220' title='bbox 368 3085 416 3144; x_wconf 90' lang='lat' dir='ltr'>W.</span> <span class='ocrx_word' id='word_1_221' title='bbox 440 3105 467 3163; x_wconf 92' lang='lat' dir='ltr'>p.</span> <span class='ocrx_word' id='word_1_222' title='bbox 486 3085 524 3144; x_wconf 85' lang='grc'>67</span> <span class='ocrx_word' id='word_1_223' title='bbox 549 3091 579 3145; x_wconf 91' lang='lat' dir='ltr'>et</span> <span class='ocrx_word' id='word_1_224' title='bbox 602 3087 663 3161; x_wconf 84' lang='lat'><strong>90).</strong></span> <span class='ocrx_word' id='word_1_225' title='bbox 709 3084 807 3149; x_wconf 79' lang='lat' dir='ltr'>Quare</span> <span class='ocrx_word' id='word_1_226' title='bbox 829 3085 933 3146; x_wconf 87' lang='lat' dir='ltr'>licebit</span> <span class='ocrx_word' id='word_1_227' title='bbox 953 3087 1028 3145; x_wconf 85' lang='lat' dir='ltr'>haee</span> <span class='ocrx_word' id='word_1_228' title='bbox 1050 3085 1139 3144; x_wconf 91' lang='lat' dir='ltr'>huius</span> <span class='ocrx_word' id='word_1_229' title='bbox 1160 3085 1220 3144; x_wconf 83' lang='lat' dir='ltr'>for·</span> 
     </span>
     <span class='ocr_line' id='line_1_29' title="bbox 149 3188 1223 3270; baseline -0.001 -23"><span class='ocrx_word' id='word_1_230' title='bbox 149 3208 214 3248; x_wconf 89' lang='lat' dir='ltr'>mae</span> <span class='ocrx_word' id='word_1_231' title='bbox 236 3189 344 3248; x_wconf 88' lang='lat' dir='ltr'>afferre</span> <span class='ocrx_word' id='word_1_232' title='bbox 366 3189 512 3265; x_wconf 87' lang='lat' dir='ltr'>exempla,</span> <span class='ocrx_word' id='word_1_233' title='bbox 536 3209 612 3270; x_wconf 87' lang='lat' dir='ltr'>quae</span> <span class='ocrx_word' id='word_1_234' title='bbox 627 3190 705 3265; x_wconf 87' lang='lat' dir='ltr'>apud</span> <span class='ocrx_word' id='word_1_235' title='bbox 721 3188 871 3249; x_wconf 81' lang='lat' dir='ltr'>Wiistium</span> <span class='ocrx_word' id='word_1_236' title='bbox 893 3188 935 3265; x_wconf 81' lang='lat' dir='ltr'>(p.</span> <span class='ocrx_word' id='word_1_237' title='bbox 951 3188 1089 3266; x_wconf 79' lang='lat'>28—37)</span> <span class='ocrx_word' id='word_1_238' title='bbox 1111 3188 1223 3247; x_wconf 82' lang='lat' dir='ltr'>frustra</span> 
     </span>
     <span class='ocr_line' id='line_1_30' title="bbox 150 3292 1223 3371; baseline -0.002 -21"><span class='ocrx_word' id='word_1_239' title='bbox 150 3310 283 3371; x_wconf 88' lang='lat' dir='ltr'>quaeres,</span> <span class='ocrx_word' id='word_1_240' title='bbox 306 3311 360 3351; x_wconf 89' lang='lat' dir='ltr'>seu</span> <span class='ocrx_word' id='word_1_241' title='bbox 382 3293 462 3371; x_wconf 92' lang='lat' dir='ltr'>quod</span> <span class='ocrx_word' id='word_1_242' title='bbox 484 3292 577 3351; x_wconf 88' lang='lat' dir='ltr'>aciem</span> <span class='ocrx_word' id='word_1_243' title='bbox 600 3292 751 3350; x_wconf 90' lang='lat' dir='ltr'>oculorum</span> <span class='ocrx_word' id='word_1_244' title='bbox 772 3293 923 3368; x_wconf 83' lang='lat' dir='ltr'>fugerunt,</span> <span class='ocrx_word' id='word_1_245' title='bbox 946 3292 1025 3370; x_wconf 90' lang='lat' dir='ltr'>quod</span> <span class='ocrx_word' id='word_1_246' title='bbox 1040 3310 1127 3349; x_wconf 89' lang='lat' dir='ltr'>nemo</span> <span class='ocrx_word' id='word_1_247' title='bbox 1144 3293 1223 3349; x_wconf 88' lang='lat' dir='ltr'>certe</span> 
     </span>
     <span class='ocr_line' id='line_1_31' title="bbox 151 3391 1223 3474; baseline 0 -24"><span class='ocrx_word' id='word_1_248' title='bbox 151 3394 177 3451; x_wconf 89' lang='lat' dir='ltr'>ei</span> <span class='ocrx_word' id='word_1_249' title='bbox 194 3393 277 3453; x_wconf 90' lang='lat' dir='ltr'>dabit</span> <span class='ocrx_word' id='word_1_250' title='bbox 292 3395 462 3471; x_wconf 87' lang='lat' dir='ltr'>opprobrio,</span> <span class='ocrx_word' id='word_1_251' title='bbox 486 3413 538 3454; x_wconf 93' lang='lat' dir='ltr'>seu</span> <span class='ocrx_word' id='word_1_252' title='bbox 553 3395 632 3474; x_wconf 90' lang='lat' dir='ltr'>quod</span> <span class='ocrx_word' id='word_1_253' title='bbox 649 3394 737 3453; x_wconf 89' lang='lat' dir='ltr'>certis</span> <span class='ocrx_word' id='word_1_254' title='bbox 759 3399 921 3454; x_wconf 91' lang='lat' dir='ltr'>commotus</span> <span class='ocrx_word' id='word_1_255' title='bbox 944 3392 1039 3453; x_wconf 91' lang='lat' dir='ltr'>causis</span> <span class='ocrx_word' id='word_1_256' title='bbox 1061 3412 1122 3452; x_wconf 92' lang='lat' dir='ltr'>non</span> <span class='ocrx_word' id='word_1_257' title='bbox 1143 3391 1223 3450; x_wconf 89' lang='lat' dir='ltr'>inter</span> 
     </span>
     <span class='ocr_line' id='line_1_32' title="bbox 150 3493 1220 3576; baseline 0 -24"><span class='ocrx_word' id='word_1_258' title='bbox 150 3493 345 3554; x_wconf 85' lang='lat' dir='ltr'>clausularum</span> <span class='ocrx_word' id='word_1_259' title='bbox 368 3515 522 3556; x_wconf 90' lang='lat' dir='ltr'>numerum</span> <span class='ocrx_word' id='word_1_260' title='bbox 544 3497 715 3556; x_wconf 86' lang='lat' dir='ltr'>referendas</span> <span class='ocrx_word' id='word_1_261' title='bbox 738 3497 832 3570; x_wconf 89' lang='lat' dir='ltr'>duxit,</span> <span class='ocrx_word' id='word_1_262' title='bbox 857 3497 936 3576; x_wconf 92' lang='lat' dir='ltr'>quod</span> <span class='ocrx_word' id='word_1_263' title='bbox 952 3496 1024 3554; x_wconf 90' lang='lat' dir='ltr'>item</span> <span class='ocrx_word' id='word_1_264' title='bbox 1040 3495 1177 3574; x_wconf 90' lang='lat' dir='ltr'>equidem</span> <span class='ocrx_word' id='word_1_265' title='bbox 1193 3494 1220 3552; x_wconf 89' lang='lat' dir='ltr'>ei</span> 
     </span>
     <span class='ocr_line' id='line_1_33' title="bbox 150 3597 1219 3678; baseline 0.001 -25"><span class='ocrx_word' id='word_1_266' title='bbox 150 3615 211 3654; x_wconf 91' lang='lat' dir='ltr'>non</span> <span class='ocrx_word' id='word_1_267' title='bbox 233 3616 300 3656; x_wconf 92' lang='lat' dir='ltr'>cum</span> <span class='ocrx_word' id='word_1_268' title='bbox 321 3599 470 3676; x_wconf 82' lang='lat' dir='ltr'>vituperio</span> <span class='ocrx_word' id='word_1_269' title='bbox 494 3599 599 3672; x_wconf 89' lang='lat' dir='ltr'>obicio,</span> <span class='ocrx_word' id='word_1_270' title='bbox 623 3617 801 3678; x_wconf 86' lang='lat' dir='ltr'>quamquam</span> <span class='ocrx_word' id='word_1_271' title='bbox 818 3600 904 3658; x_wconf 87' lang='lat' dir='ltr'>abeo</span> <span class='ocrx_word' id='word_1_272' title='bbox 921 3597 1077 3657; x_wconf 90' lang='lat' dir='ltr'>dissentio:</span> <span class='ocrx_word' id='word_1_273' title='bbox 1101 3597 1163 3656; x_wconf 82' lang='lat' dir='ltr'>Mil.</span> <span class='ocrx_word' id='word_1_274' title='bbox 1182 3601 1219 3654; x_wconf 80' lang='lat'>52</span> 
     </span>
    </p>
   </div>
   <div class='ocr_carea' id='block_1_3' title="bbox 150 3850 1221 4088">
    <p class='ocr_par' dir='ltr' id='par_1_3' title="bbox 150 3850 1221 4088">
     <span class='ocr_line' id='line_1_34' title="bbox 223 3850 1221 3913; baseline 0 -15"><span class='ocrx_word' id='word_1_275' title='bbox 223 3855 282 3911; x_wconf 76' lang='lat'>140)</span> <span class='ocrx_word' id='word_1_276' title='bbox 301 3853 331 3899; x_wconf 75' lang='lat' dir='ltr'>ch.</span> <span class='ocrx_word' id='word_1_277' title='bbox 350 3852 424 3899; x_wconf 86' lang='lat' dir='ltr'>etiam</span> <span class='ocrx_word' id='word_1_278' title='bbox 442 3853 494 3911; x_wconf 85' lang='lat' dir='ltr'>IX,</span> <span class='ocrx_word' id='word_1_279' title='bbox 513 3855 544 3912; x_wconf 79' lang='lat'>4,</span> <span class='ocrx_word' id='word_1_280' title='bbox 565 3856 593 3900; x_wconf 90' lang='lat'>1:</span> <span class='ocrx_word' id='word_1_281' title='bbox 613 3854 650 3899; x_wconf 87' lang='lat' dir='ltr'>De</span> <span class='ocrx_word' id='word_1_282' title='bbox 667 3853 834 3913; x_wconf 77' lang='lat' dir='ltr'>cornposstiouc</span> <span class='ocrx_word' id='word_1_283' title='bbox 850 3867 899 3898; x_wconf 81' lang='lat' dir='ltr'>nora</span> <span class='ocrx_word' id='word_1_284' title='bbox 916 3851 1022 3912; x_wconf 75' lang='lat' dir='ltr'>equidem</span> <span class='ocrx_word' id='word_1_285' title='bbox 1035 3860 1091 3913; x_wconf 79' lang='lat' dir='ltr'>poet</span> <span class='ocrx_word' id='word_1_286' title='bbox 1109 3855 1143 3898; x_wconf 86' lang='grc' dir='ltr'>Μ.</span> <span class='ocrx_word' id='word_1_287' title='bbox 1166 3850 1221 3898; x_wconf 78' lang='lat' dir='ltr'>Tul·</span> 
     </span>
     <span class='ocr_line' id='line_1_35' title="bbox 150 3937 1221 4000; baseline -0.001 -17"><span class='ocrx_word' id='word_1_288' title='bbox 150 3938 207 3984; x_wconf 83' lang='lat' dir='ltr'>lium</span> <span class='ocrx_word' id='word_1_289' title='bbox 224 3937 327 3985; x_wconf 83' lang='lat' dir='ltr'>scribere</span> <span class='ocrx_word' id='word_1_290' title='bbox 345 3939 457 3985; x_wconf 81' lang='lat' dir='ltr'>auderem</span> <span class='ocrx_word' id='word_1_291' title='bbox 477 3973 520 3985; x_wconf 89' lang='lat'>...</span> <span class='ocrx_word' id='word_1_292' title='bbox 540 3940 589 3986; x_wconf 81' lang='lat' dir='ltr'>nisi</span> <span class='ocrx_word' id='word_1_293' title='bbox 605 3947 627 3986; x_wconf 87' lang='lat' dir='ltr'>et</span> <span class='ocrx_word' id='word_1_294' title='bbox 643 3939 746 3986; x_wconf 71' lang='lat' dir='ltr'>circadam</span> <span class='ocrx_word' id='word_1_295' title='bbox 764 3938 850 3986; x_wconf 66' lang='lat' dir='ltr'>caetis</span> <span class='ocrx_word' id='word_1_296' title='bbox 867 3940 970 3986; x_wconf 75' lang='lat' dir='ltr'>homhtes</span> <span class='ocrx_word' id='word_1_297' title='bbox 988 3941 1083 4000; x_wconf 64' lang='lat' dir='ltr'>saeptis</span> <span class='ocrx_word' id='word_1_298' title='bbox 1099 3939 1135 3984; x_wconf 85' lang='lat' dir='ltr'>ed</span> <span class='ocrx_word' id='word_1_299' title='bbox 1145 3938 1221 3998; x_wconf 59' lang='lat' dir='ltr'>stream</span> 
     </span>
     <span class='ocr_line' id='line_1_36' title="bbox 150 4023 982 4088; baseline 0.001 -19"><span class='ocrx_word' id='word_1_300' title='bbox 150 4023 221 4070; x_wconf 82' lang='lat' dir='ltr'>etiam</span> <span class='ocrx_word' id='word_1_301' title='bbox 238 4025 322 4072; x_wconf 79' lang='lat' dir='ltr'>litteris</span> <span class='ocrx_word' id='word_1_302' title='bbox 340 4026 508 4087; x_wconf 65' lang='lat' dir='ltr'>reprehendere</span> <span class='ocrx_word' id='word_1_303' title='bbox 525 4027 553 4075; x_wconf 83' lang='lat' dir='ltr'>id</span> <span class='ocrx_word' id='word_1_304' title='bbox 568 4026 703 4074; x_wconf 80' lang='lat' dir='ltr'>collocandi</span> <span class='ocrx_word' id='word_1_305' title='bbox 719 4041 790 4086; x_wconf 62' lang='lat' dir='ltr'>necas</span> <span class='ocrx_word' id='word_1_306' title='bbox 806 4027 863 4073; x_wconf 81' lang='lat' dir='ltr'>auci</span> <span class='ocrx_word' id='word_1_307' title='bbox 874 4027 982 4088; x_wconf 76' lang='lat' dir='ltr'>fisiaseut.</span> 
     </span>
    </p>
   </div>
   <div class='ocr_carea' id='block_1_4' title="bbox 0 0 1381 4620">
    <p class='ocr_par' dir='ltr' id='par_1_4' title="bbox 0 0 1381 4620">
     <span class='ocr_line' id='line_1_37' title="bbox 0 0 1381 4620; baseline 0 0"><span class='ocrx_word' id='word_1_308' title='bbox 0 0 1381 4620; x_wconf 95' lang='lat' dir='ltr'> </span> 
     </span>
    </p>
   </div>
  </div>
 </body>
</html>
