2752 4620
582 237 797 305 ..33-

153 416 221 456 cero
243 396 367 455 alterum
389 415 482 468 genus
505 394 667 454 Asiaticum
691 397 765 456 dicit
794 399 1006 465 ‚sententiosum
1029 405 1057 452 et
1079 405 1226 472 unguium,

152 502 298 556 sententiis
327 518 383 555 non
416 506 472 555 inin
500 498 643 573 grauibus
673 510 702 555 ei
729 500 835 556 seueris
866 518 950 576 quoni
973 502 1174 557 concinnis
1196 509 1231 557 ei

153 604 339 671 venustis,
364 601 456 678 qualis
480 604 508 658 in
525 602 646 659 nestorio
665 603 847 659 l'incuens‘
861 601 941 678 ¹⁰⁷),
967 602 1018 661 ubi
1035 622 1096 661 vox
1112 609 1229 662 senten·

151 706 211 764 tiee
239 705 383 784 (itemque
412 704 585 781 venustum)
613 725 673 764 non
704 705 800 764 solum
829 705 905 763 idem
935 705 1034 764 valeat
1061 725 1095 764 ac
1118 704 1231 763 Graeca

154 809 279 887 γνῶμαι,
304 809 355 866 sed
378 806 521 883 ampliare
545 809 672 887 quedem
694 808 829 884 praedita
852 806 1035 882 sitvi108).
1083 806 1139 865 Sed
1162 812 1231 867 utut

152 911 226 969 haec
249 929 281 969 ee
303 930 351 969 res
373 911 472 983 habet,
495 910 598 970 Cicero
621 910 639 970 l.
659 933 680 970 s.
699 912 717 969 l.
742 911 796 969 has
819 910 929 985 figures
951 911 1033 968 tenui
1052 911 1162 970 oratori
1185 911 1232 967 fu-

153 1013 275 1087 giendas
297 1032 361 1071 esse
384 1018 494 1072 censet.

238 1120 339 1195 Atque
367 1115 523 1174 exordium
554 1116 671 1195 quidem
704 1116 854 1192 capiamus
882 1135 899 1174 a
929 1116 1230 1190 contrapositis.

153 1218 209 1276 Sed
232 1218 281 1277 hic
304 1218 432 1292 primum
455 1237 606 1294 exponere
629 1239 751 1279 necesse
769 1238 833 1278 esse
848 1219 977 1292 videtur,
1001 1237 1077 1297 quae
1094 1217 1232 1293 exemplu

153 1323 209 1380 hoe
240 1321 360 1379 nomine
383 1320 510 1380 velimus
540 1321 705 1397 complecti.
750 1321 828 1381 Sunt
849 1321 929 1380 enim
952 1321 1054 1380 nativa
1077 1320 1230 1399 quaedam,

80 1427 84 1433 “
151 1428 185 1482 ut
213 1423 256 1481 ita
286 1422 395 1497 dicem,
427 1423 644 1500 contraposita,
677 1423 749 1483 talia
780 1424 880 1503 qualia
908 1425 966 1482 iem
996 1428 1065 1482 ante
1089 1422 1229 1497 Gorgiam

153 1529 271 1586 veteres
295 1531 427 1585 oratores
449 1546 519 1584 uses
542 1545 605 1585 esse
626 1527 693 1605 quis
716 1526 831 1605 estqui
854 1525 963 1602 neget?
1007 1526 1090 1584 Haec
1106 1525 1155 1583 hie
1170 1544 1231 1582 non

150 1629 257 1704 respici
281 1648 341 1687 non
365 1629 524 1688 mirabere:
554 1647 619 1686 eum
644 1635 673 1688 et
694 1630 791 1705 ipsum
815 1630 987 1689 Ciceronem
1010 1627 1106 1704 possis
1128 1627 1230 1687 videre

152 1750 212 1789 non
236 1732 335 1789 omnia
356 1729 423 1802 illa,
447 1731 497 1789 sed
521 1732 681 1790 coniuncta
702 1735 819 1791 tantum
842 1751 908 1789 eum
931 1730 1135 1789 concinnitate
1158 1749 1229 1808 qua·

152 1833 218 1891 dam
251 1833 385 1891 adhiberi
415 1838 566 1893 vetantem
599 1835 636 1892 ab
665 1839 782 1893 oratore
812 1832 988 1909 tenui109).
1032 1834 1111 1908 Ergo
1140 1832 1229 1892 etiem

152 1957 207 1994 nos
229 1935 352 1995 remotis
374 1935 433 1994 illis
456 1935 566 1997 nativis
589 1936 797 1996 artificiosiora
825 1941 941 1997 tentum
969 1937 1155 2013 proferemus
1177 1955 1230 1993 ex·

153 2037 260 2114 emple.
309 2037 393 2100 Quae
415 2043 514 2098 autem
538 2044 607 2098 sunt
634 2039 692 2097 ista
714 2037 940 2097 artificiosiora?
970 2037 1058 2096 audio
1088 2042 1118 2096 te
1148 2038 1230 2096 oblo-

153 2145 302 2220 quentem.
350 2141 437 2200 Hunc
469 2142 544 2202 seito
575 2161 620 2200 me
644 2142 717 2200 mihi
741 2146 941 2217 comparatam
964 2140 1095 2202 voluisse
1123 2140 1227 2215 legem,

151 2250 185 2303 ut
206 2263 241 2302 ee
262 2249 377 2304 tantum
400 2245 577 2322 respicerem
600 2265 676 2325 quae

230 2351 281 2407 aut
303 2368 368 2406 cum
391 2348 774 2407 annominationibus
797 2347 955 2406 coniuncta
979 2351 1087 2419 essent,
1111 2347 1147 2405 de
1162 2346 1228 2426 qui-

304 2453 359 2510 bus
381 2452 461 2510 inira
483 2450 615 2511 dicemus

150 2730 217 2784 scem‘,
236 2726 365 2787 posteriori
384 2729 465 2772 autem
484 2723 518 2782 ,in
535 2723 572 2769 iis
589 2729 642 2769 eret
654 2720 807 2769 edmnabslie
819 2721 935 2767 meionis
948 2735 1039 2778 morsus,
1057 2728 1145 2767 ennete
1156 2736 1227 2768 acn-

149 2813 328 2860 tentiernm
346 2811 493 2858 concnsnr'tas
511 2823 558 2856 non
575 2813 636 2854 cnat‘
655 2808 720 2854 idem
738 2808 807 2854 velet
824 2821 853 2853 uc
870 2806 959 2865 ,Sitne
979 2805 1131 2853 Godanlran‘.

220 2899 280 2960 107)
297 2899 327 2944 ef.
348 2897 398 2943 Cic.
417 2898 474 2942 Nat.
493 2897 560 2942 deor.
580 2895 610 2952 ll,
630 2896 675 2942 ri:
701 2891 881 2950 Concinne,
906 2899 932 2939 nt
948 2891 1023 2938 multe
1044 2891 1229 2950 limosamque*

151 3000 202 3030 cum
219 2986 245 3030 in
261 2983 364 3030 histos-se
382 2982 493 3039 dixisset,
520 2995 569 3039 qne
591 2986 658 3026 nocte
682 2986 755 3026 netas
772 2976 914 3025 Alexander
931 2985 1004 3037 esset,
1030 2979 1112 3025 eadem
1130 2978 1228 3024 Diuinae

150 3071 270 3132 Ephesiae
287 3069 396 3130 undum
420 3067 582 3129 deflemesec,
608 3065 721 3112 adiunxit
745 3064 838 3110 misene
862 3064 890 3110 id
912 3078 962 3111 csse
986 3064 1137 3122 mirandum,
1163 3063 1229 3122 qnocl

149 3157 250 3215 Dione,
269 3172 321 3202 cnm
338 3156 364 3203 in
377 3162 453 3216 pente
472 3151 624 3214 Olympiadis
642 3151 758 3199 edesse
775 3151 894 3208 uoluisset,
913 3148 1080 3209 obfuisset
1097 3150 1173 3198 domo.
1193 3177 1226 3186 —

148 3245 261 3291 Alterum
285 3257 363 3302 genus
380 3241 517 3289 Asiaticum
540 3239 626 3286 Cicero
649 3239 664 3283 l.
686 3239 702 3284 l.
721 3237 846 3284 exceliens
872 3236 946 3282 inisse
975 3236 1033 3284 dicit
1058 3241 1182 3294 ,secessere
1205 3241 1228 3280 et

142 3329 228 3389 faceto
245 3343 328 3387 uenere
345 3326 485 3384 nertoncm‘,
512 3339 561 3384 qno
579 3324 614 3372 nil
633 3323 700 3370 eliud
718 3323 772 3369 vult
788 3321 898 3381 intellegi
916 3320 965 3367 nisi
982 3321 1075 3380 figuras
1092 3320 1226 3368 verborum

149 3411 283 3482 (σχήματα
300 3412 350 3478 τῆς
368 3408 486 3476 λέξεως)ε
513 3425 562 3470 que
579 3411 605 3457 in
623 3424 650 3457 re
668 3408 727 3467 qnid
744 3422 790 3454 nos
808 3406 940 3467 impediat,
959 3407 1090 3465 quominus
1107 3405 1137 3451 de
1155 3420 1225 3467 παρι-

151 3495 248 3550 edetur
265 3514 362 3559 quoque
380 3508 404 3546 ct
421 3492 612 3560 reprenderet
629 3496 772 3554 cogitemus,
790 3506 853 3551 quae
871 3498 896 3538 et
913 3491 981 3552 ipsae
999 3491 1024 3537 in
1042 3504 1144 3538 numero
1162 3488 1224 3537 Gor·

150 3587 278 3646 menarum
302 3588 436 3646 figurarum
455 3587 526 3641 sunt,
552 3596 653 3643 promus
670 3595 720 3627 non
738 3579 812 3628 video
831 3574 928 3643 (eontra
944 3577 975 3623 ei.
992 3575 1072 3623 Blass.
1090 3577 1133 3622 l.l.
1152 3590 1177 3637 p.
1190 3578 1223 3625 6⁶

148 3674 226 3734 adn.).

219 3756 278 3821 108)
296 3757 327 3804 cf.
345 3755 418 3802 etiam
436 3768 509 3814 quam
529 3753 628 3800 diversa
645 3749 811 3812 Quintilianus
829 3750 905 3807 VlII,
923 3749 938 3793 ὁ
964 3747 1028 3794 inter
1045 3747 1223 3796 sententiarum

148 3857 239 3904 genera
256 3843 335 3901 effert,
353 3841 466 3902 inprimis
482 3841 498 3902 ξ
512 3842 544 3887 20
557 3852 611 3897 sqq.
631 3842 655 3885 et
672 3838 729 3885 vide
747 3838 932 3884 Volkmannum
950 3834 966 3880 l.
980 3833 997 3880 l.
1016 3847 1041 3894 p.
1055 3834 1105 3881 ³88
1124 3838 1184 3880 extr.

220 3925 278 3989 109)
296 3927 344 3973 illis
369 3927 447 3987 ,perte
464 3925 565 3984 paribus
583 3924 669 3971 relate‘
693 3927 759 3970 certe
778 3916 893 3972 ἰσόκωλα
917 3923 1012 3967 tentum
1037 3919 1163 3976 nominat,
1189 3917 1220 3964 ci.

148 4015 163 4076 ξ
184 4016 231 4063 166
250 4018 274 4060 et
292 4014 357 4075 220;
379 4012 423 4059 sed
441 4011 485 4073 illo
503 4011 557 4057 loco
575 4009 601 4075 (ξ
620 4006 664 4072 84)
682 4007 862 4068 generaliorem
883 4007 969 4067 procul
987 4004 1061 4051 dnbio
1078 4004 1160 4050 inesse
1177 4017 1221 4050 no·

148 4102 240 4150 tionem
257 4101 293 4147 illi
311 4098 429 4146 locutioni
447 4111 524 4156 eaque
542 4097 593 4145 fere
611 4096 691 4143 voluit
707 4094 826 4155 intellegi,
846 4107 908 4153 quae
926 4106 971 4139 nos
989 4089 1184 4139 subaudivimus.

997 4183 1014 4234 3
