2752 4620
594 212 804 284 „43..

161 377 276 452 umplos
303 396 351 434 me
371 378 489 436 frustm
517 377 554 435 nd
578 375 810 450 oognosoeudom
835 382 867 431 et
885 371 1104 448 &mouendum
1127 371 1217 430 Gree-

161 500 262 538 eorum
286 490 437 538 oratorum
460 490 554 538 urtem
576 479 747 554 percepisse
767 476 839 534 mibi
860 476 949 533 hsboo
968 493 1151 550 pessumum,
1174 481 1217 532 ts-

159 602 228 641 men
251 585 287 641 nd
310 585 388 641 bnnr
407 583 612 662 questionem
634 592 767 641 nostram
790 579 864 638 nihil
877 580 938 637 lere
951 578 1117 637 mumdsbit
1132 577 1214 634 lueri.

158 688 235 745 Num
263 689 391 763 primum
418 686 527 744 lieetne
555 686 672 743 eosdem
702 683 820 759 regulus
849 682 1028 758 periodorum
1047 684 1213 750 structurae,

158 810 233 869 quus
253 791 332 866 opud
355 789 484 846 Gneoos
506 798 639 845 oratores
660 787 790 845 vnlnisse
811 783 971 845 verisimile
987 790 1041 856 est,
1060 782 1159 858 utique
1180 781 1216 838 nd

158 893 283 951 Latinos
304 889 485 951 trustem?
529 889 645 947 Deinde
668 890 758 948 etium
783 889 808 947 si
831 889 904 946 illud
926 885 1105 955 nomnen,
1124 888 1221 942 tumen

157 1014 281 1071 prorsus
309 1013 442 1054 curemus
470 991 582 1049 talibus
610 991 647 1048 de
669 1000 734 1050 tots
756 991 907 1050 Gieerouis
935 986 1141 1065 oompooitione
1167 985 1222 1043 dis·

158 1097 384 1167 sensuionibns,
418 1094 522 1173 quoles
552 1095 588 1150 nd
619 1104 787 1153 nostrerum
817 1095 984 1154 nationum
1011 1087 1225 1168 compositionis

157 1220 253 1275 genus
281 1199 371 1275 plene
400 1197 633 1270 dignosoendum
662 1197 747 1273 qussi
775 1198 854 1255 sitm
885 1195 1105 1273 praemuniunt:
1134 1209 1225 1251 neon

156 1323 204 1361 me
225 1304 291 1379 ipse
312 1302 398 1378 potui
422 1301 591 1375 impetras,
614 1306 649 1358 ut
669 1300 871 1359 membrorum
886 1320 1009 1379 quoque
1030 1316 1163 1357 numeros
1183 1295 1226 1352 (li-

154 1405 282 1479 ligenter
314 1412 487 1480 persecutus
517 1421 620 1460 omnes
649 1402 699 1461 rel
729 1402 873 1478 plurimes
902 1402 1055 1462 Cioeronis
1082 1400 1226 1461 orationes

153 1509 375 1584 perlustrarem,
398 1525 458 1585 quo
478 1505 598 1564 facilius
615 1525 744 1584 quonum
766 1506 845 1564 forte
864 1507 952 1566 modo
970 1512 1134 1566 nosmmn
1150 1521 1226 1560 oom-

154 1613 265 1688 positio
287 1612 421 1670 differret
443 1611 480 1668 sb
503 1609 626 1679 setene,
658 1609 882 1684 intellegerem:
913 1611 993 1689 qnod
1016 1608 1133 1688 quidem
1154 1623 1226 1680 opus

155 1718 249 1777 multo
278 1718 316 1776 sit
344 1714 473 1792 emplius
502 1734 590 1794 qnnm
615 1715 695 1793 quod
721 1715 781 1774 tiro
810 1714 938 1791 primum
959 1712 1072 1789 ingenii
1096 1709 1154 1771 rim
1176 1725 1227 1765 ex·

152 1820 274 1895 periens
295 1819 411 1895 ingredi
434 1819 551 1878 nudent
595 1817 683 1881 Quod
705 1837 741 1876 eo
764 1818 859 1893 magis
881 1817 981 1889 dolui,
1013 1815 1092 1893 quod
1113 1831 1159 1871 me
1180 1809 1228 1871 vel

153 1925 252 1983 obiter
272 1936 389 1984 motum
412 1923 489 1980 buno
512 1941 573 1980 rem
597 1928 827 2000 persequentem
846 1940 907 1979 non
921 1920 1001 1994 fugit
1016 1937 1050 1977 re
1064 1936 1136 1978 vere
1150 1915 1228 1973 iuter

153 2027 294 2103 quosdam
307 2025 458 2084 orationes
468 2024 654 2084 intemedere
666 2024 892 2101 compositionis
904 2021 1095 2082 differentias
1139 2017 1228 2076 Cuius

151 2128 193 2184 rei
218 2148 310 2185 unum
333 2128 482 2203 proferam
505 2127 675 2204 exemplum
694 2138 725 2187 et
741 2128 886 2186 orationis
908 2127 945 2185 de
966 2127 1038 2201 imp.
1054 2125 1106 2182 Gn.
1124 2122 1226 2194 Pomp.

151 2229 273 2288 habitae
294 2241 323 2289 et
340 2230 518 2303 Ligurinnne
540 2231 693 2306 prooemia
714 2240 746 2290 et
763 2233 949 2291 narrationes
962 2221 1226 2305 oompnrsns¹³²).

279 2350 324 2388 or.
349 2333 376 2387 d.
400 2332 472 2406 imp.
495 2333 600 2407 Pomp.
622 2337 639 2407 §
662 2339 685 2390 1.
737 2338 972 2405 ‚numquam
1005 2333 1079 2390 mihi
1110 2345 1227 2403 semper

213 2432 374 2508 „frequens
409 2442 586 2507 conspectus
619 2444 719 2493 vester
751 2435 845 2494 multo
877 2436 1117 2506 iucundissimus,
1143 2427 1150 2511 Ι
1175 2430 1225 2488 hio

213 2540 332 2604 ‚putem
354 2533 437 2592 loeus
459 2534 495 2590 ed
518 2536 665 2608 egendum
697 2535 898 2611 amplissimus
917 2537 922 2619 Ι
940 2540 979 2597 nd
1001 2538 1156 2598 dioendum
1178 2553 1226 2592 or·

213 2635 405 2706 „nutissimus
427 2646 472 2696 est
490 2635 581 2708 risus,
603 2634 737 2699 Quirites
751 2633 765 2720 ΙΙ
781 2647 896 2699 tumen
917 2642 975 2699 hoo
996 2642 1079 2700 editu
1100 2637 1195 2697 leudis
1219 2632 1223 2713 l

214 2739 285 2817 „qni
308 2757 426 2815 semper
448 2739 561 2814 optimo
578 2742 688 2820 cuique
709 2743 839 2801 maxime
861 2743 966 2819 patuit,
986 2741 992 2824 Ι
1011 2763 1070 2801 non
1092 2761 1158 2800 mee
1179 2758 1225 2796 me

213 2840 371 2914 „voluutas
385 2842 483 2900 ndhuo
501 2838 506 2922 Ι
525 2843 577 2901 sed
593 2844 673 2904 vitoe
690 2847 918 2906 meliorationes
935 2849 972 2905 eb
989 2848 1112 2906 ineunte
1128 2850 1225 2903 netute

213 2951 387 3015 „susceptae
409 2943 636 3015 prohibuerunt
652 2942 665 3026 ΙΙ

149 3042 195 3098 En
219 3041 342 3098 duarum
365 3042 554 3116 periodorum
583 3056 649 3106 ortu
676 3050 849 3110 ooniunotio
871 3052 1068 3111 eorroletione
1096 3050 1225 3127 partiou-

67 3164 70 3171 ·
147 3143 242 3202 lerum
261 3161 497 3226 ‘quemquem
520 3143 658 3205 tomon’
681 3152 873 3212 conformata.
919 3153 1006 3213 Alter
1021 3156 1151 3213 ambitus
1166 3152 1225 3212 trio

148 3246 282 3306 eontinet
313 3246 461 3317 membra,
491 3246 567 3307 ulter
597 3254 643 3308 est
675 3247 885 3329 linolos¹⁸³)
916 3257 1064 3317 divisione
1096 3255 1223 3315 extremi

147 3347 271 3408 membri
294 3347 521 3424 amplificatum,
551 3355 585 3408 ut
608 3352 728 3411 omnino
751 3361 893 3432 quattuor
914 3359 1062 3417 exsistant
1083 3360 1224 3417 membru.

147 3450 214 3513 Qun
235 3453 267 3508 in
290 3471 322 3510 re
344 3449 536 3510 urtifioiosum
565 3452 782 3513 animadvertes
811 3475 921 3534 quaeso
951 3479 1122 3518 numerum:
1154 3480 1222 3518 nem

146 3557 181 3609 ut
201 3552 283 3624 prior
305 3554 433 3613 ambitus
455 3572 473 3611 o
493 3555 651 3628 posteriori
675 3575 798 3616 numero
821 3561 1039 3633 membrorum,
1059 3563 1102 3621 sio
1124 3567 1221 3638 poste

144 3652 232 3710 rioris
260 3654 389 3714 ambitus
418 3657 518 3732 priore
549 3659 681 3717 membre
710 3660 747 3717 eb
777 3665 913 3720 extremo
945 3662 1141 3738 amplitudine
1172 3686 1220 3724 su-

146 3763 296 3831 petentur.

215 3901 275 3970 132)
292 3904 348 3963 Qus
360 3905 385 3950 iu
398 3919 425 3951 rs
437 3908 472 3954 uti
484 3923 530 3968 por
542 3916 587 3969 est,
605 3925 660 3958 eom
677 3912 796 3960 adhibere
807 3920 909 3961 consors
928 3929 982 3961 sum
999 3916 1128 3972 rationem,
1146 3925 1219 3970 quem

144 3994 250 4043 instituit
265 3989 444 4038 Bernhardtius
462 3993 478 4037 l.
491 3995 508 4039 l.

214 4075 276 4142 1³3)
293 4076 324 4123 de
341 4075 368 4121 vi
386 4075 459 4124 huius
478 4079 576 4143 termini
594 4081 651 4127 vido
669 4080 861 4128 Bernhardtium
878 4084 926 4130 1.1.
944 4097 968 4142 p.
983 4085 1021 4130 17.

678 4344 784 4370 Α.
