2752 4620
538 274 785 380 .-2—

151 432 248 493 tribus
270 432 431 507 generibus
452 432 569 490 dicendi
599 431 734 504 disserit,
766 432 840 490 haec
862 431 974 506 scripta
994 431 1132 490 videmus
1153 435 1227 488 orat

152 534 229 593 VIII
254 540 310 594 24:
340 537 478 612 „Semper
500 544 648 592 aratorum
661 536 849 611 eloquentiae
870 533 1128 604 modnuurtrsuit
1148 535 1229 590 audi·

151 647 243 696 torum
262 639 431 714 prudentia.
480 639 580 695 Omnes
601 640 675 696 enim
697 641 750 714 qai
766 637 1028 713 psalmodiam,
1054 636 1227 692 uoluntatem

151 759 260 810 aarum,
285 741 489 818 pertundebat,
516 742 665 797 obtuentur
686 749 715 796 et
732 741 772 797 ud
783 758 880 796 coram
903 739 1057 795 arbitrium
1079 747 1228 795 elsatan

32 848 38 861 ¹
150 852 225 899 totos
247 862 278 899 ee
290 843 415 919 fingunt
436 851 464 899 e!
484 842 732 898 accommodant.“
775 841 854 906 Quid
884 842 964 921 qnod
993 848 1093 900 orator
1123 841 1227 897 eodem

149 963 229 1004 anno
251 946 380 1021 scriptas
403 950 457 1018 est,
479 965 539 1023 quo
561 944 665 1002 (licere
687 964 742 1019 pro
765 945 907 1004 Marcello
930 951 962 1003 et
983 944 1104 1019 Ligario
1126 940 1227 1000 dixit?

148 1048 256 1107 Caesar
285 1053 384 1106 autem
407 1047 480 1125 quin
502 1065 621 1122 eoram,
652 1045 705 1125 qni
735 1066 846 1105 novum
875 1047 1012 1106 assectati
1042 1046 1103 1104 sint
1132 1064 1227 1118 genus

149 1149 276 1221 dicendi,
299 1154 399 1224 partes
421 1155 540 1208 secutus
562 1148 616 1221 sit,
639 1147 744 1224 procul
766 1154 812 1207 eat
833 1148 941 1207 dubio:
962 1150 999 1207 de
1021 1167 1081 1227 qua
1102 1165 1136 1205 re
1157 1147 1227 1205 vide

150 1270 225 1330 quae
247 1251 320 1310 dicit
341 1249 590 1311 Wilamowitzius
610 1249 683 1308 LI:
715 1250 847 1323 „Caesar
875 1250 955 1306 hatte
985 1249 1058 1306 auct
1088 1249 1152 1305 Ιιίεν
1181 1250 1227 1305 die

149 1355 307 1429 Strr'r'mung
329 1352 453 1411 erkauat
475 1352 535 1411 aad
553 1352 678 1433 schuffle
701 1353 749 1410 iar
761 1350 845 1430 [ναῖε
867 1353 982 1409 Badn.“

235 1454 318 1519 Quae
341 1475 407 1514 cum
430 1456 473 1515 ita
494 1456 567 1528 siut,
598 1454 806 1516 vehementius
828 1455 917 1514 etiam
940 1474 988 1513 ma
1010 1455 1090 1530 cepit
1111 1454 1225 1512 deside-

149 1559 224 1617 rium
247 1558 412 1618 accuratius
427 1558 608 1637 requirendi,
631 1559 711 1636 qnod
734 1557 890 1616 docuerint
910 1577 966 1616 nos
988 1559 1025 1615 de
1046 1558 1094 1615 his
1116 1557 1225 1615 oratio-

149 1662 236 1720 nibus
255 1681 359 1721 senens
374 1662 477 1735 nostri,
500 1666 599 1720 utrum
622 1665 703 1720 recte
725 1659 883 1718 docuerim
905 1677 942 1717 an
965 1660 1138 1735 deceperint
1159 1679 1223 1729 nos,

148 1771 179 1823 et
201 1764 225 1822 si
248 1770 329 1825 recte
351 1785 406 1823 nos
429 1765 583 1838 duxerint,
607 1763 733 1823 conandi
756 1762 845 1823 certis
866 1763 897 1820 id
919 1764 1046 1838 probare
1067 1762 1223 1820 ratiocina-

146 1866 287 1926 tionibus.
333 1866 519 1947 Quamquam
550 1872 697 1946 quatenus
724 1867 794 1927 talis
816 1867 952 1945 quaestio
975 1867 1012 1924 ad
1036 1864 1224 1940 disciplinam

148 1988 238 2048 quam
260 1975 372 2030 vocant
394 1970 586 2030 aesthetioam
609 1970 749 2047 pertinet,
772 1970 849 2028 nihil
867 1970 988 2028 omnino
1003 1969 1069 2041 erit,
1093 1969 1128 2027 ad
1144 1969 1224 2046 quod

146 2090 347 2144 recurramus,
379 2072 438 2130 nisi
468 2072 526 2148 ipsi
556 2074 650 2132 nostri
683 2092 804 2144 sensns,
835 2073 922 2130 utin
946 2078 1048 2131 nostra
1077 2090 1165 2129 eausa
1186 2070 1224 2126 iis

147 2173 256 2251 quibus
278 2174 456 2248 persuadere
476 2173 623 2245 volumus,
645 2174 724 2232 idem
747 2174 931 2244 suadeamus,
954 2175 990 2230 ad
1013 2173 1092 2251 qnod
1109 2170 1222 2248 Diony-

147 2275 209 2333 sius
231 2295 296 2347 coe,
321 2275 371 2354 qui
395 2275 505 2353 Lysiae
528 2274 645 2334 Gratias
668 2292 846 2350 cognoscere
868 2276 1021 2346 studeant,
1049 2275 1223 2333 adhortatus

147 2377 186 2436 sit
207 2377 239 2434 in
261 2377 321 2435 iud.
338 2377 406 2455 Lys.
423 2396 447 2437 c.
463 2378 527 2436 XI:
550 2369 691 2452 αἰσθήσει
712 2370 768 2455 γαρ
790 2369 906 2434 τούτων
928 2372 1053 2434 ἕκαστον
1074 2379 1221 2450 καταλαμ-

148 2471 272 2554 βάνεται
300 2475 352 2537 καὶ
382 2474 419 2538 οὗ
446 2473 534 2562 λόγῳ.
569 2472 646 2538 ὅσθ’
667 2475 740 2557 ὅπερ
763 2476 795 2538 οἱ
815 2475 956 2554 μουσικοὶ
987 2474 1222 2556 παραγγέλλουσι

146 2583 244 2641 ποιεῖν
266 2583 328 2651 τοῖς
350 2579 544 2658 βουλομένοις
571 2574 694 2642 ducissa
716 2577 849 2660 ἀκριβῶς
871 2573 1016 2659 ἁρμονίας
1039 2627 1045 2641 .
1070 2624 1077 2638 .
1103 2626 1108 2639 .
1134 2582 1221 2638 τοῦτο

147 2679 232 2764 adyti
255 2686 317 2754 τοῖς
339 2680 595 2765 ἀναγιγνώσκουσι
624 2679 677 2744 τον
699 2685 834 2757 Λυσίαν,
864 2681 915 2744 καὶ
937 2683 982 2754 τῖς
1002 2676 1023 2759 ἡ
1045 2676 1115 2759 παρ’
1138 2680 1221 2763 αὐτῷ

145 2780 231 2865 χάρις
248 2784 308 2847 ἐστὶ
326 2786 521 2866 βουλομένοις
537 2791 658 2867 μαθεῖν,
681 2782 852 2865 ὑποθείμην
870 2782 907 2846 ἂν
923 2781 1107 2864 ἐπιτηδεύειν
1122 2780 1220 2867 χρόνῳ

146 2893 244 2974 πολλῷ
265 2887 317 2950 καὶ
335 2894 435 2975 μακρᾷ
451 2893 550 2978 τριβῇ,
572 2890 623 2954 καῖ
642 2885 740 2976 ἆλόγςο
757 2887 853 2952 πάθει
868 2883 921 2951 τὸν
939 2884 1048 2972 ι’ῖλογον
1063 2893 1220 2950 συνασκεῖν

146 2989 296 3068 αῖσθιγσιν.

232 3094 289 3154 Sed
312 3114 378 3154 cum
401 3097 496 3156 nihilo
519 3098 618 3156 minus
639 3100 713 3158 haec
736 3101 871 3177 quaestio
895 3103 1010 3175 spectet
1024 3101 1060 3158 ad
1076 3118 1220 3174 gramma-

145 3197 232 3256 ticam
255 3203 287 3257 et
307 3197 501 3273 rhetoricam,
533 3219 609 3279 quae
639 3200 830 3260 intercedunt
851 3201 1037 3260 differentiae
1067 3203 1146 3260 inter
1167 3219 1220 3257 no·

148 3304 223 3359 strae
246 3299 395 3376 orationes
425 3307 456 3361 et
477 3303 551 3361 alias
572 3303 795 3377 Ciceronianae,
826 3304 873 3362 his
895 3303 1034 3363 eruendis
1058 3309 1088 3362 et
1109 3302 1221 3360 exami-

148 3402 254 3461 nandis
282 3403 354 3462 satis
382 3403 498 3462 firmum
528 3406 703 3464 habebimus
731 3407 956 3466 hindamentum
984 3406 1086 3465 iudicii
1117 3390 1220 3464 nostri.

148 3506 351 3580 comparando
367 3506 459 3583 igitur
474 3509 600 3583 probare
615 3509 702 3567 nobis
719 3514 764 3568 est
779 3509 983 3568 constitutum.
1028 3507 1109 3570 Quas
1120 3515 1219 3568 autem

147 3607 180 3664 in
203 3608 424 3668 contentionem
446 3629 553 3671 vocare
575 3610 725 3671 voluimus
746 3612 896 3670 Ciceronis
925 3612 1089 3685 orationes,
1120 3613 1221 3672 inhia

148 3708 292 3782 eligendis
315 3711 494 3772 ducebamur
516 3719 691 3790 temporum,
715 3714 823 3794 quibus
845 3713 980 3787 singulae
1003 3716 1130 3791 scriptae
1152 3721 1222 3775 sunt

149 3810 313 3884 orationes,
343 3814 455 3872 ordinis
482 3817 614 3876 ratione:
647 3817 784 3894 inprimis
806 3817 885 3876 enim
908 3819 1015 3877 afferre
1037 3839 1091 3878 nos
1114 3821 1220 3876 debere

148 3913 318 3992 putavimus
346 3923 376 3976 et
398 3935 461 3975 eam
486 3937 562 3997 quae
590 3919 741 3980 antecedit
769 3925 799 3978 et
821 3939 871 3980 eas
893 3939 969 3999 quae
991 3922 1146 3996 excipiunt
1168 3941 1220 3979 no-

148 4023 233 4091 stras,
255 4017 285 4076 id
309 4025 354 4078 est
377 4025 407 4079 et
428 4019 623 4081 Milonianam
646 4023 786 4099 scriptam
809 4042 833 4081 a.
857 4043 882 4082 a.
899 4024 967 4082 Chr.
987 4043 1015 4081 n.
1033 4027 1072 4078 52
1095 4029 1127 4080 et
1149 4024 1220 4082 Phi-

148 4119 273 4196 lippicas
303 4123 451 4181 orationes
481 4143 535 4184 scr,
558 4143 583 4184 a.
601 4123 704 4205 44s43.
750 4127 788 4183 Et
810 4124 994 4200 Philippicas
1008 4124 1142 4205 'quidem
1169 4128 1219 4184 ad·
