2752 4620
583 203 798 269 ,34-

232 374 284 420 un
306 381 369 420 non
390 361 487 420 solnm
509 361 734 431 muteutirrum,
755 358 913 417 cedetinm
933 358 1134 415 verborum
1158 375 1240 436 qne-

306 466 376 522 dsm
397 465 666 524 concinnitate
687 476 788 521 esseut
809 459 1036 534 insignis¹¹⁰):
1064 459 1097 516 in
1119 459 1239 538 quibus

307 567 447 643 inprimis
473 561 706 639 σἠιμεωβολῆς
732 566 798 623 nire
824 562 1062 622 commutationis
1090 561 1239 638 exemplu

308 670 369 729 siut
390 668 661 738 commemorande,
688 687 728 725 ex
749 668 859 746 quibus
879 664 1068 724 notissimum
1091 664 1132 723 eit
1152 663 1236 723 illud

305 790 382 845 ,esse
403 782 530 846 oportet,
552 782 587 829 ut
607 771 702 841 risun
725 790 786 828 uon
807 770 919 841 virere,
941 780 975 828 ut
997 769 1075 826 eden‘
1089 766 1164 843 ¹¹¹)

230 886 282 933 sut
297 875 430 954 denique
451 873 714 933 cumulatione
735 872 919 948 singulorum
934 871 1094 930 multorum
1109 877 1235 930 contru-

304 978 470 1053 poeitorum
492 976 684 1035 excellerent

151 1081 240 1139 Hunc
262 1081 360 1154 legem
381 1090 483 1138 secuto
504 1097 545 1136 ex
568 1078 783 1152 Ligariana
809 1079 928 1157 quidem
951 1077 1009 1137 triu
1029 1077 1078 1135 rel
1100 1083 1234 1154 quotuor

149 1194 265 1242 tentum
295 1183 435 1257 exemplu
463 1183 523 1240 huo
553 1182 706 1257 portinere
735 1182 808 1239 mihi
830 1183 987 1251 ridentur,
1019 1200 1060 1238 sc.
1083 1177 1232 1256 §lnam

144 1285 289 1362 prosecteo
312 1286 486 1342 uoluntatem
507 1283 612 1341 habunt
631 1305 689 1342 non
712 1293 842 1361 turpem,
866 1285 1009 1340 remansio
1031 1285 1232 1359 necessitatene

145 1391 233 1445 etiarn
256 1390 411 1447 nonatum.
455 1385 510 1463 55
533 1390 583 1443 An
605 1388 657 1444 itte
677 1391 708 1444 er'
723 1390 867 1462 potur'sset
887 1386 969 1443 r'ttn'nc
984 1386 1044 1442 utto
1059 1385 1140 1441 nodo
1161 1405 1233 1445 cuo·

147 1490 224 1559 dere,
253 1491 353 1548 Uticae
373 1508 456 1565 quon
479 1490 601 1559 lionae,
626 1508 689 1546 cuae
712 1490 745 1546 Ρ.
763 1491 847 1545 Aeno
869 1507 952 1565 quani
976 1507 1038 1544 cunr
1060 1491 1232 1545 concordes-

145 1595 227 1650 sinnis
248 1591 419 1670 fratribus,
452 1611 515 1649 cuir
545 1592 652 1649 alienes
680 1611 742 1648 esse
769 1610 853 1667 quam
881 1610 943 1648 cunr
971 1593 1032 1648 suu
1055 1591 1232 1650 maturiset?

148 1692 224 1771 §34
256 1695 404 1752 uoluntate
436 1697 531 1770 Igitur
560 1714 656 1752 onnes
685 1704 775 1752 tecum
795 1692 941 1771 suerunt,
978 1702 1145 1770 tenpestate
1174 1695 1230 1754 ab·

148 1808 249 1873 neptus
279 1806 323 1855 est
351 1817 441 1855 unus.-
475 1799 598 1875 quibus,
629 1798 655 1856 ei
684 1797 796 1875 placet,
826 1798 943 1857 edicere
964 1804 1050 1874 potes
1075 1796 1150 1875 533
1173 1819 1230 1856 nos

147 1919 243 1958 omnes
263 1900 449 1958 aduersarios
467 1910 593 1977 putare,
625 1903 685 1959 nisi
703 1904 756 1977 qui
774 1900 918 1958 nobiscum
940 1911 1051 1970 essent,
1082 1910 1110 1957 te
1131 1921 1230 1960 ornnes

146 2006 198 2079 qui
217 2012 319 2060 contra
343 2012 371 2059 te
392 2023 449 2061 non
471 2013 575 2072 arent,
601 2013 676 2060 tuos.
723 2005 762 2062 Et
784 2023 822 2061 ex
838 2022 881 2061 or.
897 2023 928 2080 p.
944 2003 1131 2062 Deiotaro
1152 2005 1227 2065 heb.

147 2106 280 2182 quinque
302 2106 352 2164 vel
374 2125 444 2177 sex,
466 2126 506 2165 sc.
531 2104 548 2183 5
566 2111 585 2163 2
608 2109 660 2181 qui
679 2126 791 2183 nepos
813 2125 917 2163 annun
939 2108 969 2164 in
991 2108 1100 2182 capin's
1120 2108 1227 2166 tueri·

149 2226 212 2262 men
235 2207 392 2264 addunern't
406 2207 759 2285 adulescentiaeque
780 2226 848 2264 suae
871 2218 1009 2265 terrorem
1031 2210 1163 2268 intulerit
1182 2211 1221 2280 ei,

149 2311 233 2364 euius
261 2318 490 2366 senectutem
521 2312 600 2366 tueri
624 2319 654 2366 et
681 2321 778 2385 tegere
804 2309 931 2368 debebat.
978 2310 1053 2389 513
1079 2321 1224 2387 posnemo

148 2413 226 2466 uenit
248 2419 280 2466 nt
301 2409 342 2465 ad
351 2409 526 2486 fugientem,
552 2431 607 2468 non
631 2422 664 2469 ut
684 2413 724 2468 ad
743 2415 945 2489 insequentem,
971 2414 1003 2470 id
1022 2425 1065 2472 est
1087 2417 1126 2472 ad
1143 2417 1226 2492 peri·

146 2512 208 2569 culi
227 2531 283 2568 non
306 2512 344 2568 ad
370 2515 510 2570 nz'etoriae
531 2516 704 2572 societatem.
750 2512 824 2591 517
855 2536 889 2572 en
912 2519 1036 2585 crimen,
1064 2537 1098 2575 en
1120 2537 1222 2589 cnusu,

146 2633 199 2671 cur
214 2633 334 2689 regern
346 2613 567 2691 fugitiuus,
585 2615 765 2673 dcnnnnurn
779 2636 908 2675 seruus
923 2629 1049 2676 nccreset.
1098 2620 1170 2699 530
1180 2619 1227 2696 fit

145 2719 174 2774 in
197 2717 345 2774 daminutn
366 2720 507 2787 seruitus,
532 2720 562 2775 in
583 2721 721 2776 seruitute
742 2720 911 2778 dominatus.
957 2720 1031 2799 535
1061 2725 1128 2782 Non
1149 2728 1225 2782 enim

144 2822 319 2889 innumerae,
344 2831 437 2877 netu
460 2821 525 2879 illi
544 2842 723 2894 succensens,
749 2823 823 2881 utun
844 2843 945 2882 uereor
966 2844 1001 2882 ne
1024 2826 1096 2884 tibi
1114 2827 1225 2884 illum

145 2940 313 2978 succensere
335 2922 447 2997 alr‘quid
466 2927 631 3000 suspicere:
663 2926 772 3004 quibus
794 2927 869 2986 adde
892 2929 916 2986 ei
938 2929 985 2989 vie
1008 2927 1082 3006 543
1105 2950 1224 3007 quonum

145 3023 267 3080 alterum
289 3032 390 3099 optare
412 3023 528 3083 illorum
551 3028 735 3086 crudelitatis
751 3037 804 3098 est,
830 3031 953 3088 alterum
976 3051 1145 3090 cotnscnnare
1167 3033 1225 3091 cle-

148 3125 270 3180 mentiae
293 3132 368 3180 tuac.

230 3225 294 3283 Ium
317 3226 391 3284 hoec
412 3225 478 3300 ipen
500 3229 638 3303 exempla
659 3248 713 3305 per
728 3249 760 3288 ec
778 3238 913 3305 spectate
935 3235 1007 3294 satis
1029 3244 1059 3296 te
1075 3241 1225 3299 docebunt

148 3347 218 3389 vere
240 3327 323 3386 tenui
346 3328 473 3407 quodum
497 3329 584 3387 modo
607 3331 734 3389 Tullium
765 3333 797 3390 iu
820 3335 930 3393 nostris
953 3339 1138 3399 orationibus
1167 3344 1223 3402 hnc

149 3432 246 3506 figure
271 3451 357 3490 usum
381 3449 453 3489 esse.
500 3429 687 3510 Quemquam
710 3434 803 3506 igitur
824 3437 878 3496 vix
901 3456 975 3513 opus
998 3459 1063 3498 esse
1085 3450 1224 3518 putemus

149 3534 386 3609 comparatione,
414 3539 513 3592 tamen
536 3533 584 3592 hic
607 3554 742 3613 quoque,
767 3555 856 3614 quum
880 3541 1102 3618 consuevimus,
1125 3547 1224 3623 ingre·

150 3635 265 3693 dicmur
285 3637 380 3696 viem:
411 3637 468 3695 uisi
492 3637 571 3714 quod
594 3639 725 3697 numeris
751 3639 800 3698 hic
823 3643 1016 3716 supersedere
1037 3665 1092 3706 nos
1115 3651 1224 3709 debere

149 3738 303 3811 credimus,
327 3757 506 3820 quemquem
527 3738 557 3797 id
573 3744 604 3798 tc
618 3740 746 3800 velimus
768 3743 1013 3818 animadvertere,
1035 3748 1067 3805 iu
1083 3771 1125 3808 or.
1142 3752 1222 3808 Phil.

219 3887 278 3957 110)
295 3903 353 3951 pers
371 3904 455 3939 euram
476 3893 540 3940 inter
558 3885 671 3942 ἰσόκωλα
689 3896 713 3937 et
731 3886 910 3954 ὁμοιοτέλευτα
935 3897 1051 3945 nimirum
1075 3902 1156 3948 locam
1179 3899 1222 3945 ob-

149 3978 244 4029 tinebit

220 4061 799 4130 rmwmmnommnm
