<?xml version="1.0" encoding="UTF-8"?>
<!DOCTYPE html PUBLIC "-//W3C//DTD XHTML 1.0 Transitional//EN"
    "http://www.w3.org/TR/xhtml1/DTD/xhtml1-transitional.dtd">
<html xmlns="http://www.w3.org/1999/xhtml" xml:lang="en" lang="en">
 <head>
  <title>
</title>
<meta http-equiv="Content-Type" content="text/html;charset=utf-8" />
  <meta name='ocr-system' content='tesseract 3.04.00' />
  <meta name='ocr-capabilities' content='ocr_page ocr_carea ocr_par ocr_line ocrx_word'/>
</head>
<body>
  <div class='ocr_page' id='page_1' title='image "./deearumquaevoca00guttgoog_0080.png"; bbox 0 0 2752 4620; ppageno 0'>
   <div class='ocr_carea' id='block_1_1' title="bbox 578 278 792 345">
    <p class='ocr_par' dir='ltr' id='par_1_1' title="bbox 578 278 792 345">
     <span class='ocr_line' id='line_1_1' title="bbox 578 278 792 345; baseline 0 -19"><span class='ocrx_word' id='word_1_1' title='bbox 578 278 792 345; x_wconf 80' lang='grc'>...69-</span> 
     </span>
    </p>
   </div>
   <div class='ocr_carea' id='block_1_2' title="bbox 143 434 1226 2257">
    <p class='ocr_par' dir='ltr' id='par_1_2' title="bbox 143 434 1226 2257">
     <span class='ocr_line' id='line_1_2' title="bbox 147 434 1224 507; baseline 0.003 -15"><span class='ocrx_word' id='word_1_2' title='bbox 147 434 257 493; x_wconf 72' lang='lat' dir='ltr'><em>dentes.</em></span> <span class='ocrx_word' id='word_1_3' title='bbox 303 434 376 494; x_wconf 88' lang='lat' dir='ltr'>ibid.</span> <span class='ocrx_word' id='word_1_4' title='bbox 407 437 532 492; x_wconf 84' lang='lat' dir='ltr'><em>ani&#39;ruum</em></span> <span class='ocrx_word' id='word_1_5' title='bbox 555 437 683 507; x_wconf 88' lang='lat' dir='ltr'><em>vincere,</em></span> <span class='ocrx_word' id='word_1_6' title='bbox 709 437 890 494; x_wconf 77' lang='lat' dir='ltr'><em>iracundiam</em></span> <span class='ocrx_word' id='word_1_7' title='bbox 912 434 1061 506; x_wconf 74' lang='lat' dir='ltr'><em>catione,</em></span> <span class='ocrx_word' id='word_1_8' title='bbox 1087 437 1224 495; x_wconf 88' lang='lat' dir='ltr'><em>m&#39;otoriae</em></span> 
     </span>
     <span class='ocr_line' id='line_1_3' title="bbox 146 537 1222 614; baseline 0.001 -20"><span class='ocrx_word' id='word_1_9' title='bbox 146 546 315 614; x_wconf 89' lang='lat' dir='ltr'><em>temperare,</em></span> <span class='ocrx_word' id='word_1_10' title='bbox 341 537 538 596; x_wconf 86' lang='lat' dir='ltr'><em>adversarium</em></span> <span class='ocrx_word' id='word_1_11' title='bbox 560 538 721 609; x_wconf 87' lang='lat' dir='ltr'><em>nobilitate,</em></span> <span class='ocrx_word' id='word_1_12' title='bbox 748 541 873 614; x_wconf 76' lang='lat' dir='ltr'><em>ingenio,</em></span> <span class='ocrx_word' id='word_1_13' title='bbox 900 541 1007 596; x_wconf 89' lang='lat' dir='ltr'><em>uirtute</em></span> <span class='ocrx_word' id='word_1_14' title='bbox 1026 547 1222 614; x_wconf 80' lang='lat' dir='ltr'><em>praestantem</em></span> 
     </span>
     <span class='ocr_line' id='line_1_4' title="bbox 145 640 1224 717; baseline -0.001 -19"><span class='ocrx_word' id='word_1_15' title='bbox 145 660 201 698; x_wconf 88' lang='lat' dir='ltr'><em>non</em></span> <span class='ocrx_word' id='word_1_16' title='bbox 224 641 304 697; x_wconf 92' lang='lat' dir='ltr'><em>mado</em></span> <span class='ocrx_word' id='word_1_17' title='bbox 327 640 466 698; x_wconf 80' lang='lat' dir='ltr'><em>eutollere</em></span> <span class='ocrx_word' id='word_1_18' title='bbox 488 643 624 699; x_wconf 87' lang='lat' dir='ltr'><em>iacentem</em></span> <span class='ocrx_word' id='word_1_19' title='bbox 755 645 772 698; x_wconf 87' lang='lat'>9</span> <span class='ocrx_word' id='word_1_20' title='bbox 804 641 918 717; x_wconf 88' lang='lat' dir='ltr'><em>aliquid</em></span> <span class='ocrx_word' id='word_1_21' title='bbox 945 641 1112 710; x_wconf 86' lang='lat' dir='ltr'><em>clementer,</em></span> <span class='ocrx_word' id='word_1_22' title='bbox 1144 658 1224 697; x_wconf 89' lang='lat' dir='ltr'><em>man-</em></span> 
     </span>
     <span class='ocr_line' id='line_1_5' title="bbox 146 741 1223 823; baseline -0.001 -23"><span class='ocrx_word' id='word_1_23' title='bbox 146 751 234 813; x_wconf 88' lang='lat' dir='ltr'><em>suete,</em></span> <span class='ocrx_word' id='word_1_24' title='bbox 260 743 342 811; x_wconf 84' lang='lat' dir='ltr'><em>iuste,</em></span> <span class='ocrx_word' id='word_1_25' title='bbox 369 743 523 814; x_wconf 89' lang='lat' dir='ltr'><em>moderate,</em></span> <span class='ocrx_word' id='word_1_26' title='bbox 549 746 695 819; x_wconf 78' lang='lat' dir='ltr'><em>sapienter</em></span> <span class='ocrx_word' id='word_1_27' title='bbox 709 741 837 823; x_wconf 76' lang='lat' dir='ltr'><em>saonem.</em></span> <span class='ocrx_word' id='word_1_28' title='bbox 891 748 926 801; x_wconf 92' lang='lat'><em>10</em></span> <span class='ocrx_word' id='word_1_29' title='bbox 949 747 1223 820; x_wconf 72' lang='lat' dir='ltr'><em>qnem‘praesentem</em></span> 
     </span>
     <span class='ocr_line' id='line_1_6' title="bbox 146 845 1225 922; baseline 0 -21"><span class='ocrx_word' id='word_1_30' title='bbox 146 846 298 915; x_wconf 87' lang='lat' dir='ltr'><em>intuemur,</em></span> <span class='ocrx_word' id='word_1_31' title='bbox 323 847 405 902; x_wconf 90' lang='lat' dir='ltr'><em>cuius</em></span> <span class='ocrx_word' id='word_1_32' title='bbox 422 855 538 904; x_wconf 80' lang='lat' dir='ltr'><em>mentem</em></span> <span class='ocrx_word' id='word_1_33' title='bbox 556 865 710 922; x_wconf 79' lang='lat' dir='ltr'><em>sensusque</em></span> <span class='ocrx_word' id='word_1_34' title='bbox 727 865 774 903; x_wconf 90' lang='lat' dir='ltr'><em>eos</em></span> <span class='ocrx_word' id='word_1_35' title='bbox 786 846 819 885; x_wconf 82' lang='lat'><em>¹⁶</em></span> <span class='ocrx_word' id='word_1_36' title='bbox 830 845 857 922; x_wconf 87' lang='lat'><em>¹)</em></span> <span class='ocrx_word' id='word_1_37' title='bbox 876 847 1028 904; x_wconf 85' lang='lat' dir='ltr'><em>cernimus.</em></span> <span class='ocrx_word' id='word_1_38' title='bbox 1076 845 1146 903; x_wconf 89' lang='lat' dir='ltr'>ibid.</span> <span class='ocrx_word' id='word_1_39' title='bbox 1163 847 1225 922; x_wconf 88' lang='lat' dir='ltr'><em>qui·</em></span> 
     </span>
     <span class='ocr_line' id='line_1_7' title="bbox 148 945 1225 1027; baseline 0.001 -25"><span class='ocrx_word' id='word_1_40' title='bbox 148 945 199 1002; x_wconf 90' lang='lat' dir='ltr'><em>bns</em></span> <span class='ocrx_word' id='word_1_41' title='bbox 222 946 354 1005; x_wconf 78' lang='lat' dir='ltr'><em>laudibus</em></span> <span class='ocrx_word' id='word_1_42' title='bbox 376 945 550 1027; x_wconf 65' lang='lat' dir='ltr'><em>efferemus?</em></span> <span class='ocrx_word' id='word_1_43' title='bbox 573 947 675 1024; x_wconf 88' lang='lat' dir='ltr'><em>quibus</em></span> <span class='ocrx_word' id='word_1_44' title='bbox 697 947 800 1005; x_wconf 89' lang='lat' dir='ltr'><em>studiis</em></span> <span class='ocrx_word' id='word_1_45' title='bbox 819 950 1048 1025; x_wconf 80' lang='lat' dir='ltr'><em>prosequemur?</em></span> <span class='ocrx_word' id='word_1_46' title='bbox 1069 965 1125 1024; x_wconf 88' lang='lat' dir='ltr'><em>qna</em></span> <span class='ocrx_word' id='word_1_47' title='bbox 1143 947 1225 1004; x_wconf 89' lang='lat' dir='ltr'><em>benc·</em></span> 
     </span>
     <span class='ocr_line' id='line_1_8' title="bbox 148 1049 1224 1125; baseline -0.001 -19"><span class='ocrx_word' id='word_1_48' title='bbox 148 1050 271 1107; x_wconf 87' lang='lat' dir='ltr'><em>uolentia</em></span> <span class='ocrx_word' id='word_1_49' title='bbox 306 1050 544 1125; x_wconf 79' lang='lat' dir='ltr'><em>complectemur?</em></span> <span class='ocrx_word' id='word_1_50' title='bbox 597 1055 636 1108; x_wconf 84' lang='lat'><em>23</em></span> <span class='ocrx_word' id='word_1_51' title='bbox 671 1051 869 1109; x_wconf 84' lang='lat' dir='ltr'><em>constituenda</em></span> <span class='ocrx_word' id='word_1_52' title='bbox 903 1051 1028 1121; x_wconf 77' lang='lat' dir='ltr'><em>indicus,</em></span> <span class='ocrx_word' id='word_1_53' title='bbox 1064 1049 1224 1107; x_wconf 86' lang='lat' dir='ltr'><em>reuocando</em></span> 
     </span>
     <span class='ocr_line' id='line_1_9' title="bbox 144 1151 1224 1230; baseline 0.001 -20"><span class='ocrx_word' id='word_1_54' title='bbox 144 1151 228 1224; x_wconf 74' lang='lat' dir='ltr'><em>fides,</em></span> <span class='ocrx_word' id='word_1_55' title='bbox 253 1153 480 1229; x_wconf 85' lang='lat' dir='ltr'><em>comprimendae</em></span> <span class='ocrx_word' id='word_1_56' title='bbox 503 1151 645 1222; x_wconf 81' lang='lat' dir='ltr'><em>libidines,</em></span> <span class='ocrx_word' id='word_1_57' title='bbox 667 1155 861 1230; x_wconf 83' lang='lat' dir='ltr'><em>propaganda</em></span> <span class='ocrx_word' id='word_1_58' title='bbox 883 1152 1007 1223; x_wconf 88' lang='lat' dir='ltr'><em>suboles,</em></span> <span class='ocrx_word' id='word_1_59' title='bbox 1034 1154 1127 1210; x_wconf 90' lang='lat' dir='ltr'><em>amnia</em></span> <span class='ocrx_word' id='word_1_60' title='bbox 1143 1171 1224 1230; x_wconf 85' lang='lat' dir='ltr'><em>e.q.s.</em></span> 
     </span>
     <span class='ocr_line' id='line_1_10' title="bbox 149 1255 1225 1338; baseline 0.001 -26"><span class='ocrx_word' id='word_1_61' title='bbox 149 1261 187 1312; x_wconf 80' lang='lat'><em>26</em></span> <span class='ocrx_word' id='word_1_62' title='bbox 219 1275 386 1338; x_wconf 76' lang='lat' dir='ltr'><em>magnorum</em></span> <span class='ocrx_word' id='word_1_63' title='bbox 417 1257 463 1314; x_wconf 90' lang='lat' dir='ltr'><em>ael</em></span> <span class='ocrx_word' id='word_1_64' title='bbox 482 1258 511 1314; x_wconf 89' lang='lat' dir='ltr'><em>in</em></span> <span class='ocrx_word' id='word_1_65' title='bbox 533 1274 601 1313; x_wconf 89' lang='lat' dir='ltr'><em>suos</em></span> <span class='ocrx_word' id='word_1_66' title='bbox 632 1257 677 1313; x_wconf 87' lang='lat' dir='ltr'><em>oel</em></span> <span class='ocrx_word' id='word_1_67' title='bbox 697 1259 726 1313; x_wconf 88' lang='lat' dir='ltr'><em>in</em></span> <span class='ocrx_word' id='word_1_68' title='bbox 746 1260 876 1333; x_wconf 90' lang='lat' dir='ltr'><em>patriam</em></span> <span class='ocrx_word' id='word_1_69' title='bbox 908 1255 955 1314; x_wconf 83' lang='lat' dir='ltr'><em>ool</em></span> <span class='ocrx_word' id='word_1_70' title='bbox 981 1258 1010 1314; x_wconf 86' lang='lat' dir='ltr'><em>in</em></span> <span class='ocrx_word' id='word_1_71' title='bbox 1033 1275 1113 1312; x_wconf 83' lang='lat' dir='ltr'><em>omree</em></span> <span class='ocrx_word' id='word_1_72' title='bbox 1132 1274 1225 1330; x_wconf 84' lang='lat' dir='ltr'><em>genus</em></span> 
     </span>
     <span class='ocr_line' id='line_1_11' title="bbox 146 1357 1225 1436; baseline -0.001 -22"><span class='ocrx_word' id='word_1_73' title='bbox 146 1358 288 1416; x_wconf 83' lang='lat' dir='ltr'><em>bominum</em></span> <span class='ocrx_word' id='word_1_74' title='bbox 310 1357 397 1436; x_wconf 83' lang='lat' dir='ltr'><em>sama</em></span> <span class='ocrx_word' id='word_1_75' title='bbox 428 1361 603 1417; x_wconf 88' lang='lat' dir='ltr'><em>meritorum.</em></span> <span class='ocrx_word' id='word_1_76' title='bbox 651 1360 690 1417; x_wconf 79' lang='lat'><em>27</em></span> <span class='ocrx_word' id='word_1_77' title='bbox 722 1360 792 1416; x_wconf 87' lang='lat' dir='ltr'><em>baec</em></span> <span class='ocrx_word' id='word_1_78' title='bbox 822 1361 913 1435; x_wconf 79' lang='lat' dir='ltr'><em>igitm</em></span> <span class='ocrx_word' id='word_1_79' title='bbox 936 1359 991 1416; x_wconf 89' lang='lat' dir='ltr'><em>tibi</em></span> <span class='ocrx_word' id='word_1_80' title='bbox 1016 1359 1128 1435; x_wconf 87' lang='lat' dir='ltr'><em>reliqua</em></span> <span class='ocrx_word' id='word_1_81' title='bbox 1153 1376 1225 1433; x_wconf 89' lang='lat' dir='ltr'><em>pars</em></span> 
     </span>
     <span class='ocr_line' id='line_1_12' title="bbox 147 1461 1226 1533; baseline -0.002 -16"><span class='ocrx_word' id='word_1_82' title='bbox 147 1470 200 1531; x_wconf 87' lang='lat' dir='ltr'><em>est,</em></span> <span class='ocrx_word' id='word_1_83' title='bbox 226 1462 273 1520; x_wconf 83' lang='lat' dir='ltr'><em>laic</em></span> <span class='ocrx_word' id='word_1_84' title='bbox 295 1471 388 1520; x_wconf 89' lang='lat' dir='ltr'><em>restat</em></span> <span class='ocrx_word' id='word_1_85' title='bbox 409 1472 502 1533; x_wconf 84' lang='lat' dir='ltr'><em>aetus,</em></span> <span class='ocrx_word' id='word_1_86' title='bbox 528 1465 557 1520; x_wconf 86' lang='lat' dir='ltr'><em>in</em></span> <span class='ocrx_word' id='word_1_87' title='bbox 581 1463 634 1520; x_wconf 80' lang='lat' dir='ltr'><em>laoc</em></span> <span class='ocrx_word' id='word_1_88' title='bbox 657 1461 859 1520; x_wconf 88' lang='lat' dir='ltr'><em>elaborandum</em></span> <span class='ocrx_word' id='word_1_89' title='bbox 877 1471 927 1519; x_wconf 87' lang='lat' dir='ltr'><em>est.</em></span> <span class='ocrx_word' id='word_1_90' title='bbox 975 1466 1015 1519; x_wconf 81' lang='lat'><em>28</em></span> <span class='ocrx_word' id='word_1_91' title='bbox 1040 1461 1091 1519; x_wconf 90' lang='lat' dir='ltr'><em>illo</em></span> <span class='ocrx_word' id='word_1_92' title='bbox 1108 1461 1165 1517; x_wconf 90' lang='lat' dir='ltr'><em>uita</em></span> <span class='ocrx_word' id='word_1_93' title='bbox 1182 1467 1226 1515; x_wconf 91' lang='lat' dir='ltr'><em>est</em></span> 
     </span>
     <span class='ocr_line' id='line_1_13' title="bbox 148 1563 1226 1644; baseline -0.003 -24"><span class='ocrx_word' id='word_1_94' title='bbox 148 1573 209 1632; x_wconf 90' lang='lat' dir='ltr'><em>tuo,</em></span> <span class='ocrx_word' id='word_1_95' title='bbox 234 1583 305 1644; x_wconf 89' lang='lat' dir='ltr'><em>quac</em></span> <span class='ocrx_word' id='word_1_96' title='bbox 327 1565 436 1641; x_wconf 54' lang='lat' dir='ltr'><em>uigebit</em></span> <span class='ocrx_word' id='word_1_97' title='bbox 459 1569 594 1623; x_wconf 88' lang='lat' dir='ltr'><em>memoria</em></span> <span class='ocrx_word' id='word_1_98' title='bbox 616 1566 775 1623; x_wconf 89' lang='lat' dir='ltr'><em>seculorum</em></span> <span class='ocrx_word' id='word_1_99' title='bbox 800 1566 941 1632; x_wconf 89' lang='lat' dir='ltr'><em>omnium,</em></span> <span class='ocrx_word' id='word_1_100' title='bbox 965 1581 1049 1639; x_wconf 87' lang='lat' dir='ltr'><em>quam</em></span> <span class='ocrx_word' id='word_1_101' title='bbox 1068 1563 1226 1638; x_wconf 89' lang='lat' dir='ltr'><em>posteritas</em></span> 
     </span>
     <span class='ocr_line' id='line_1_14' title="bbox 146 1663 1226 1743; baseline -0.006 -19"><span class='ocrx_word' id='word_1_102' title='bbox 146 1667 214 1737; x_wconf 90' lang='lat' dir='ltr'><em>olet,</em></span> <span class='ocrx_word' id='word_1_103' title='bbox 239 1685 322 1743; x_wconf 89' lang='lat' dir='ltr'><em>quam</em></span> <span class='ocrx_word' id='word_1_104' title='bbox 346 1669 410 1742; x_wconf 90' lang='lat' dir='ltr'><em>ipsa</em></span> <span class='ocrx_word' id='word_1_105' title='bbox 434 1671 589 1725; x_wconf 87' lang='lat' dir='ltr'><em>aeternitas</em></span> <span class='ocrx_word' id='word_1_106' title='bbox 611 1686 720 1742; x_wconf 88' lang='lat' dir='ltr'><em>semper</em></span> <span class='ocrx_word' id='word_1_107' title='bbox 743 1665 876 1723; x_wconf 80' lang='lat' dir='ltr'><em>tuebitur.</em></span> <span class='ocrx_word' id='word_1_108' title='bbox 922 1663 994 1725; x_wconf 86' lang='lat' dir='ltr'><em>ibid.</em></span> <span class='ocrx_word' id='word_1_109' title='bbox 1023 1663 1226 1742; x_wconf 88' lang='lat' dir='ltr'><em>Obstupescent</em></span> 
     </span>
     <span class='ocr_line' id='line_1_15' title="bbox 143 1767 1221 1845; baseline -0.004 -20"><span class='ocrx_word' id='word_1_110' title='bbox 143 1770 257 1845; x_wconf 78' lang='lat' dir='ltr'><em>posteri</em></span> <span class='ocrx_word' id='word_1_111' title='bbox 277 1778 355 1826; x_wconf 87' lang='lat' dir='ltr'><em>certe</em></span> <span class='ocrx_word' id='word_1_112' title='bbox 377 1770 511 1845; x_wconf 89' lang='lat' dir='ltr'><em>imperia,</em></span> <span class='ocrx_word' id='word_1_113' title='bbox 543 1770 731 1845; x_wconf 88' lang='lat' dir='ltr'><em>prouincias,</em></span> <span class='ocrx_word' id='word_1_114' title='bbox 757 1767 900 1837; x_wconf 79' lang='lat' dir='ltr'><em>liberum,</em></span> <span class='ocrx_word' id='word_1_115' title='bbox 928 1768 1085 1837; x_wconf 85' lang='lat' dir='ltr'><em>Oceanum,</em></span> <span class='ocrx_word' id='word_1_116' title='bbox 1110 1767 1221 1836; x_wconf 88' lang='lat' dir='ltr'><em>Nilum,</em></span> 
     </span>
     <span class='ocr_line' id='line_1_16' title="bbox 144 1869 1224 1947; baseline -0.003 -19"><span class='ocrx_word' id='word_1_117' title='bbox 144 1889 259 1947; x_wconf 81' lang='lat' dir='ltr'><em>pugnas</em></span> <span class='ocrx_word' id='word_1_118' title='bbox 275 1871 505 1942; x_wconf 80' lang='lat' dir='ltr'><em>mnumerabiles,</em></span> <span class='ocrx_word' id='word_1_119' title='bbox 528 1869 709 1929; x_wconf 80' lang='lat' dir='ltr'><em>incredibiles</em></span> <span class='ocrx_word' id='word_1_120' title='bbox 725 1872 870 1940; x_wconf 72' lang='lat' dir='ltr'><em>pretorius,</em></span> <span class='ocrx_word' id='word_1_121' title='bbox 895 1877 1084 1940; x_wconf 89' lang='lat' dir='ltr'><em>monumenta,</em></span> <span class='ocrx_word' id='word_1_122' title='bbox 1108 1887 1224 1926; x_wconf 91' lang='lat' dir='ltr'><em>munera</em></span> 
     </span>
     <span class='ocr_line' id='line_1_17' title="bbox 148 1972 1221 2051; baseline -0.003 -21"><span class='ocrx_word' id='word_1_123' title='bbox 148 1973 308 2049; x_wconf 72' lang='lat' dir='ltr'><em>triumphos</em></span> <span class='ocrx_word' id='word_1_124' title='bbox 329 1974 474 2032; x_wconf 80' lang='lat' dir='ltr'><em>audientes</em></span> <span class='ocrx_word' id='word_1_125' title='bbox 497 1984 524 2032; x_wconf 89' lang='lat' dir='ltr'><em>et</em></span> <span class='ocrx_word' id='word_1_126' title='bbox 547 1975 671 2051; x_wconf 78' lang='lat' dir='ltr'><em>legentes</em></span> <span class='ocrx_word' id='word_1_127' title='bbox 690 1983 762 2031; x_wconf 77' lang='lat' dir='ltr'><em>trans.</em></span> <span class='ocrx_word' id='word_1_128' title='bbox 810 1978 850 2031; x_wconf 84' lang='lat'><em>34</em></span> <span class='ocrx_word' id='word_1_129' title='bbox 876 1974 943 2030; x_wconf 83' lang='lat' dir='ltr'><em>Cum</em></span> <span class='ocrx_word' id='word_1_130' title='bbox 968 1972 1000 2029; x_wconf 91' lang='lat' dir='ltr'><em>id</em></span> <span class='ocrx_word' id='word_1_131' title='bbox 1018 1972 1221 2041; x_wconf 86' lang='lat' dir='ltr'><em>sollicitudine,</em></span> 
     </span>
     <span class='ocr_line' id='line_1_18' title="bbox 147 2074 1224 2154; baseline -0.003 -22"><span class='ocrx_word' id='word_1_132' title='bbox 147 2094 231 2146; x_wconf 88' lang='lat' dir='ltr'><em>cura,</em></span> <span class='ocrx_word' id='word_1_133' title='bbox 257 2074 356 2134; x_wconf 90' lang='lat' dir='ltr'><em>labore</em></span> <span class='ocrx_word' id='word_1_134' title='bbox 379 2086 434 2134; x_wconf 91' lang='lat' dir='ltr'><em>tam</em></span> <span class='ocrx_word' id='word_1_135' title='bbox 457 2079 508 2135; x_wconf 90' lang='lat' dir='ltr'><em>diu</em></span> <span class='ocrx_word' id='word_1_136' title='bbox 526 2078 722 2154; x_wconf 82' lang='lat' dir='ltr'><em>praestiterim</em></span> <span class='ocrx_word' id='word_1_137' title='bbox 740 2121 745 2133; x_wconf 89' lang='lat'><em>.</em></span> <span class='ocrx_word' id='word_1_138' title='bbox 762 2118 768 2131; x_wconf 90' lang='lat'><strong>.</strong></span> <span class='ocrx_word' id='word_1_139' title='bbox 784 2118 790 2132; x_wconf 93' lang='lat'><strong>.</strong></span> <span class='ocrx_word' id='word_1_140' title='bbox 808 2085 884 2133; x_wconf 88' lang='lat' dir='ltr'><em>certe</em></span> <span class='ocrx_word' id='word_1_141' title='bbox 900 2076 953 2132; x_wconf 84' lang='lat' dir='ltr'><em>boc</em></span> <span class='ocrx_word' id='word_1_142' title='bbox 972 2084 1095 2152; x_wconf 89' lang='lat' dir='ltr'><em>tempore</em></span> <span class='ocrx_word' id='word_1_143' title='bbox 1113 2075 1224 2149; x_wconf 81' lang='lat' dir='ltr'><em>magnis</em></span> 
     </span>
     <span class='ocr_line' id='line_1_19' title="bbox 147 2178 871 2257; baseline 0.003 -23"><span class='ocrx_word' id='word_1_144' title='bbox 147 2178 235 2248; x_wconf 91' lang='lat' dir='ltr'><em>curis,</em></span> <span class='ocrx_word' id='word_1_145' title='bbox 262 2179 410 2251; x_wconf 87' lang='lat' dir='ltr'><em>molestiis,</em></span> <span class='ocrx_word' id='word_1_146' title='bbox 436 2180 581 2238; x_wconf 89' lang='lat' dir='ltr'><em>doloribus</em></span> <span class='ocrx_word' id='word_1_147' title='bbox 601 2190 754 2257; x_wconf 87' lang='lat' dir='ltr'><em>proestare</em></span> <span class='ocrx_word' id='word_1_148' title='bbox 777 2178 871 2236; x_wconf 87' lang='lat' dir='ltr'><em>debeo.</em></span> 
     </span>
    </p>
   </div>
   <div class='ocr_carea' id='block_1_3' title="bbox 139 2279 1225 2855">
    <p class='ocr_par' dir='ltr' id='par_1_3' title="bbox 139 2279 1225 2855">
     <span class='ocr_line' id='line_1_20' title="bbox 232 2279 1224 2362; baseline 0 -24"><span class='ocrx_word' id='word_1_149' title='bbox 232 2281 391 2341; x_wconf 81' lang='lat' dir='ltr'><em>Praeterea</em></span> <span class='ocrx_word' id='word_1_150' title='bbox 411 2283 480 2343; x_wconf 85' lang='lat' dir='ltr'><em>vide</em></span> <span class='ocrx_word' id='word_1_151' title='bbox 503 2302 590 2362; x_wconf 80' lang='lat' dir='ltr'><em>quom</em></span> <span class='ocrx_word' id='word_1_152' title='bbox 614 2282 744 2342; x_wconf 82' lang='lat' dir='ltr'><em>tumidus</em></span> <span class='ocrx_word' id='word_1_153' title='bbox 766 2288 796 2342; x_wconf 90' lang='lat' dir='ltr'><em>et</em></span> <span class='ocrx_word' id='word_1_154' title='bbox 819 2281 936 2357; x_wconf 83' lang='lat' dir='ltr'><em>opimus</em></span> <span class='ocrx_word' id='word_1_155' title='bbox 959 2300 1055 2340; x_wconf 80' lang='lat' dir='ltr'><em>sermo</em></span> <span class='ocrx_word' id='word_1_156' title='bbox 1078 2279 1224 2356; x_wconf 82' lang='lat' dir='ltr'><em>copulatis</em></span> 
     </span>
     <span class='ocr_line' id='line_1_21' title="bbox 147 2383 1219 2464; baseline -0.003 -22"><span class='ocrx_word' id='word_1_157' title='bbox 147 2384 262 2443; x_wconf 79' lang='lat' dir='ltr'><em>duobus</em></span> <span class='ocrx_word' id='word_1_158' title='bbox 285 2386 459 2464; x_wconf 81' lang='lat' dir='ltr'><em>synonymis</em></span> <span class='ocrx_word' id='word_1_159' title='bbox 482 2386 599 2463; x_wconf 81' lang='lat' dir='ltr'><em>saepius</em></span> <span class='ocrx_word' id='word_1_160' title='bbox 622 2385 751 2445; x_wconf 83' lang='lat' dir='ltr'><em>eluceat:</em></span> <span class='ocrx_word' id='word_1_161' title='bbox 773 2390 808 2445; x_wconf 86' lang='lat' dir='ltr'><em>ut</em></span> <span class='ocrx_word' id='word_1_162' title='bbox 830 2384 846 2464; x_wconf 81' lang='lat'>§</span> <span class='ocrx_word' id='word_1_163' title='bbox 868 2390 903 2444; x_wconf 78' lang='lat'><em>2:</em></span> <span class='ocrx_word' id='word_1_164' title='bbox 925 2383 1091 2441; x_wconf 82' lang='lat' dir='ltr'><em>dolebam</em></span> <span class='ocrx_word' id='word_1_165' title='bbox 1114 2384 1219 2451; x_wconf 89' lang='lat' dir='ltr'><em>enim,</em></span> 
     </span>
     <span class='ocr_line' id='line_1_22' title="bbox 143 2486 1221 2567; baseline -0.002 -24"><span class='ocrx_word' id='word_1_166' title='bbox 143 2495 245 2563; x_wconf 89' lang='lat' dir='ltr'><em>potres</em></span> <span class='ocrx_word' id='word_1_167' title='bbox 280 2492 454 2567; x_wconf 79' lang='lat' dir='ltr'><em>conscripti,</em></span> <span class='ocrx_word' id='word_1_168' title='bbox 489 2499 518 2547; x_wconf 90' lang='lat' dir='ltr'><em>et</em></span> <span class='ocrx_word' id='word_1_169' title='bbox 545 2490 776 2548; x_wconf 75' lang='lat' dir='ltr'><em>veliementer</em></span> <span class='ocrx_word' id='word_1_170' title='bbox 803 2487 969 2565; x_wconf 85' lang='lat' dir='ltr'><em>angebar</em></span> <span class='ocrx_word' id='word_1_171' title='bbox 999 2488 1090 2544; x_wconf 71' lang='lat' dir='ltr'><em>ormam</em></span> <span class='ocrx_word' id='word_1_172' title='bbox 1125 2486 1221 2555; x_wconf 91' lang='lat' dir='ltr'><em>talem,</em></span> 
     </span>
     <span class='ocr_line' id='line_1_23' title="bbox 146 2589 1225 2670; baseline 0.001 -27"><span class='ocrx_word' id='word_1_173' title='bbox 146 2607 209 2645; x_wconf 89' lang='lat' dir='ltr'><em>aum</em></span> <span class='ocrx_word' id='word_1_174' title='bbox 232 2591 379 2649; x_wconf 87' lang='lat' dir='ltr'><em>incudem</em></span> <span class='ocrx_word' id='word_1_175' title='bbox 403 2612 506 2664; x_wconf 88' lang='lat' dir='ltr'><em>causa,</em></span> <span class='ocrx_word' id='word_1_176' title='bbox 534 2596 562 2652; x_wconf 91' lang='lat' dir='ltr'><em>in</em></span> <span class='ocrx_word' id='word_1_177' title='bbox 586 2613 641 2670; x_wconf 90' lang='lat' dir='ltr'><em>qua</em></span> <span class='ocrx_word' id='word_1_178' title='bbox 665 2612 733 2668; x_wconf 77' lang='lat' dir='ltr'><em>ego,</em></span> <span class='ocrx_word' id='word_1_179' title='bbox 759 2591 889 2669; x_wconf 35' lang='lat' dir='ltr'><em>&#39;fecissem</em></span> <span class='ocrx_word' id='word_1_180' title='bbox 915 2609 970 2647; x_wconf 88' lang='lat' dir='ltr'><em>noa</em></span> <span class='ocrx_word' id='word_1_181' title='bbox 994 2592 1023 2647; x_wconf 92' lang='lat' dir='ltr'><em>in</em></span> <span class='ocrx_word' id='word_1_182' title='bbox 1046 2589 1142 2646; x_wconf 90' lang='lat' dir='ltr'><em>eadem</em></span> <span class='ocrx_word' id='word_1_183' title='bbox 1164 2607 1225 2645; x_wconf 91' lang='lat' dir='ltr'><em>esse</em></span> 
     </span>
     <span class='ocr_line' id='line_1_24' title="bbox 139 2688 1224 2772; baseline 0.001 -26"><span class='ocrx_word' id='word_1_184' title='bbox 139 2688 283 2767; x_wconf 87' lang='lat' dir='ltr'><em>fortuna,</em></span> <span class='ocrx_word' id='word_1_185' title='bbox 319 2714 384 2751; x_wconf 90' lang='lat' dir='ltr'><em>nec</em></span> <span class='ocrx_word' id='word_1_186' title='bbox 406 2693 748 2772; x_wconf 80' lang='lat' dir='ltr'><em>milipersundere</em></span> <span class='ocrx_word' id='word_1_187' title='bbox 773 2703 940 2770; x_wconf 90' lang='lat' dir='ltr'><em>poteram</em></span> <span class='ocrx_word' id='word_1_188' title='bbox 971 2711 1023 2750; x_wconf 91' lang='lat' dir='ltr'><em>uec</em></span> <span class='ocrx_word' id='word_1_189' title='bbox 1042 2690 1112 2769; x_wconf 84' lang='lat' dir='ltr'><em>fas</em></span> <span class='ocrx_word' id='word_1_190' title='bbox 1141 2698 1224 2747; x_wconf 87' lang='lat' dir='ltr'><em>es&#39;se</em></span> 
     </span>
     <span class='ocr_line' id='line_1_25' title="bbox 146 2793 1223 2855; baseline -0.002 -5"><span class='ocrx_word' id='word_1_191' title='bbox 146 2794 316 2853; x_wconf 81' lang='lat' dir='ltr'><em>daacebom</em></span> <span class='ocrx_word' id='word_1_192' title='bbox 346 2799 459 2854; x_wconf 89' lang='lat' dir='ltr'><em>uersari</em></span> <span class='ocrx_word' id='word_1_193' title='bbox 478 2816 521 2854; x_wconf 92' lang='lat' dir='ltr'><em>me</em></span> <span class='ocrx_word' id='word_1_194' title='bbox 543 2800 572 2855; x_wconf 90' lang='lat' dir='ltr'><em>in</em></span> <span class='ocrx_word' id='word_1_195' title='bbox 595 2806 693 2854; x_wconf 89' lang='lat' dir='ltr'><em>nostro</em></span> <span class='ocrx_word' id='word_1_196' title='bbox 718 2805 810 2854; x_wconf 90' lang='lat' dir='ltr'><em>uetere</em></span> <span class='ocrx_word' id='word_1_197' title='bbox 832 2796 980 2853; x_wconf 85' lang='lat' dir='ltr'><em>curricula</em></span> <span class='ocrx_word' id='word_1_198' title='bbox 1003 2795 1054 2852; x_wconf 91' lang='lat' dir='ltr'><em>illo</em></span> <span class='ocrx_word' id='word_1_199' title='bbox 1077 2793 1223 2850; x_wconf 90' lang='lat' dir='ltr'><em>aemulo</em></span> 
     </span>
    </p>
   </div>
   <div class='ocr_carea' id='block_1_4' title="bbox 138 2897 1227 4008">
    <p class='ocr_par' dir='ltr' id='par_1_4' title="bbox 146 2897 1227 3370">
     <span class='ocr_line' id='line_1_26' title="bbox 148 2897 1227 2974; baseline -0.002 -20"><span class='ocrx_word' id='word_1_200' title='bbox 148 2905 233 2972; x_wconf 87' lang='lat' dir='ltr'><em>utque</em></span> <span class='ocrx_word' id='word_1_201' title='bbox 261 2899 459 2957; x_wconf 86' lang='lat' dir='ltr'><em>imitatore</em></span> <span class='ocrx_word' id='word_1_202' title='bbox 485 2901 697 2957; x_wconf 84' lang='lat' dir='ltr'><em>studiorum</em></span> <span class='ocrx_word' id='word_1_203' title='bbox 726 2918 760 2956; x_wconf 88' lang='lat' dir='ltr'><em>oc</em></span> <span class='ocrx_word' id='word_1_204' title='bbox 791 2899 961 2956; x_wconf 89' lang='lat' dir='ltr'><em>laborum</em></span> <span class='ocrx_word' id='word_1_205' title='bbox 990 2916 1113 2955; x_wconf 86' lang='lat' dir='ltr'><em>meorum</em></span> <span class='ocrx_word' id='word_1_206' title='bbox 1142 2897 1227 2974; x_wconf 92' lang='lat' dir='ltr'><em>quasi</em></span> 
     </span>
     <span class='ocr_line' id='line_1_27' title="bbox 147 2999 1223 3081; baseline 0 -26"><span class='ocrx_word' id='word_1_207' title='bbox 147 2999 267 3076; x_wconf 86' lang='lat' dir='ltr'><em>quodam</em></span> <span class='ocrx_word' id='word_1_208' title='bbox 289 3003 392 3058; x_wconf 91' lang='lat' dir='ltr'><em>socio</em></span> <span class='ocrx_word' id='word_1_209' title='bbox 415 3021 433 3059; x_wconf 92' lang='lat' dir='ltr'><em>a</em></span> <span class='ocrx_word' id='word_1_210' title='bbox 457 3021 499 3060; x_wconf 90' lang='lat' dir='ltr'><em>me</em></span> <span class='ocrx_word' id='word_1_211' title='bbox 520 3012 554 3060; x_wconf 94' lang='lat' dir='ltr'><em>et</em></span> <span class='ocrx_word' id='word_1_212' title='bbox 575 3005 705 3060; x_wconf 89' lang='lat' dir='ltr'><em>comite</em></span> <span class='ocrx_word' id='word_1_213' title='bbox 727 3001 880 3073; x_wconf 77' lang='lat' dir='ltr'><em>distracta,</em></span> <span class='ocrx_word' id='word_1_214' title='bbox 905 3002 955 3062; x_wconf 85' lang='lat' dir='ltr'><em>vol</em></span> <span class='ocrx_word' id='word_1_215' title='bbox 977 3001 1066 3081; x_wconf 61' lang='grc' dir='ltr'><em>ἕδος</em></span> <span class='ocrx_word' id='word_1_216' title='bbox 1090 3001 1223 3058; x_wconf 85' lang='lat' dir='ltr'><em>Diuer-</em></span> 
     </span>
     <span class='ocr_line' id='line_1_28' title="bbox 146 3103 1223 3184; baseline 0.003 -26"><span class='ocrx_word' id='word_1_217' title='bbox 146 3120 210 3159; x_wconf 87' lang='lat' dir='ltr'><em>soe</em></span> <span class='ocrx_word' id='word_1_218' title='bbox 238 3103 453 3162; x_wconf 89' lang='lat' dir='ltr'><em>uoluntates</em></span> <span class='ocrx_word' id='word_1_219' title='bbox 483 3107 585 3163; x_wconf 74' lang='lat' dir='ltr'><em>ciorum</em></span> <span class='ocrx_word' id='word_1_220' title='bbox 605 3104 732 3184; x_wconf 80' lang='lat' dir='ltr'><em>fuerant</em></span> <span class='ocrx_word' id='word_1_221' title='bbox 762 3105 1044 3181; x_wconf 84' lang='lat' dir='ltr'><em>distractaeque</em></span> <span class='ocrx_word' id='word_1_222' title='bbox 1075 3112 1223 3161; x_wconf 87' lang='lat' dir='ltr'><em>senten-</em></span> 
     </span>
     <span class='ocr_line' id='line_1_29' title="bbox 148 3205 1223 3276; baseline 0.001 -15"><span class='ocrx_word' id='word_1_223' title='bbox 148 3205 244 3275; x_wconf 87' lang='lat' dir='ltr'><em>tioc,·</em></span> <span class='ocrx_word' id='word_1_224' title='bbox 276 3225 333 3264; x_wconf 90' lang='lat' dir='ltr'><em>non</em></span> <span class='ocrx_word' id='word_1_225' title='bbox 362 3209 434 3265; x_wconf 88' lang='lat' dir='ltr'><em>em&#39;m</em></span> <span class='ocrx_word' id='word_1_226' title='bbox 462 3209 642 3266; x_wconf 84' lang='lat' dir='ltr'><em>consiliis</em></span> <span class='ocrx_word' id='word_1_227' title='bbox 672 3209 763 3266; x_wconf 88' lang='lat' dir='ltr'><em>solam</em></span> <span class='ocrx_word' id='word_1_228' title='bbox 793 3217 822 3264; x_wconf 88' lang='lat' dir='ltr'><em>et</em></span> <span class='ocrx_word' id='word_1_229' title='bbox 849 3206 1005 3276; x_wconf 84' lang='lat' dir='ltr'><em>studiis,</em></span> <span class='ocrx_word' id='word_1_230' title='bbox 1039 3207 1090 3263; x_wconf 87' lang='lat' dir='ltr'><em>sed</em></span> <span class='ocrx_word' id='word_1_231' title='bbox 1110 3206 1223 3263; x_wconf 91' lang='lat' dir='ltr'><em>armis</em></span> 
     </span>
     <span class='ocr_line' id='line_1_30' title="bbox 146 3310 685 3370; baseline 0.004 -4"><span class='ocrx_word' id='word_1_232' title='bbox 146 3310 233 3367; x_wconf 89' lang='lat' dir='ltr'><em>etiam</em></span> <span class='ocrx_word' id='word_1_233' title='bbox 256 3317 285 3366; x_wconf 87' lang='lat' dir='ltr'><em>ct</em></span> <span class='ocrx_word' id='word_1_234' title='bbox 305 3313 449 3368; x_wconf 88' lang='lat' dir='ltr'><em>castris</em></span> <span class='ocrx_word' id='word_1_235' title='bbox 469 3310 685 3370; x_wconf 84' lang='lat' dir='ltr'><em>dissidebamus.</em></span> 
     </span>
    </p>

    <p class='ocr_par' dir='ltr' id='par_1_5' title="bbox 138 3412 1224 4008">
     <span class='ocr_line' id='line_1_31' title="bbox 232 3412 1215 3493; baseline -0.004 -21"><span class='ocrx_word' id='word_1_236' title='bbox 232 3413 316 3472; x_wconf 79' lang='lat' dir='ltr'><em>Adde</em></span> <span class='ocrx_word' id='word_1_237' title='bbox 350 3415 403 3475; x_wconf 80' lang='lat' dir='ltr'><em>hoe</em></span> <span class='ocrx_word' id='word_1_238' title='bbox 435 3415 655 3493; x_wconf 66' lang='lat' dir='ltr'><em>copulationem</em></span> <span class='ocrx_word' id='word_1_239' title='bbox 696 3421 714 3474; x_wconf 91' lang='lat'>4</span> <span class='ocrx_word' id='word_1_240' title='bbox 749 3417 849 3472; x_wconf 87' lang='lat' dir='ltr'><em>merita</em></span> <span class='ocrx_word' id='word_1_241' title='bbox 883 3423 967 3491; x_wconf 90' lang='lat' dir='ltr'><em>atque</em></span> <span class='ocrx_word' id='word_1_242' title='bbox 1000 3413 1104 3488; x_wconf 87' lang='lat' dir='ltr'><em>optimo</em></span> <span class='ocrx_word' id='word_1_243' title='bbox 1141 3412 1215 3468; x_wconf 88' lang='lat' dir='ltr'><em>iare.</em></span> 
     </span>
     <span class='ocr_line' id='line_1_32' title="bbox 151 3517 1224 3597; baseline -0.002 -25"><span class='ocrx_word' id='word_1_244' title='bbox 151 3519 186 3573; x_wconf 93' lang='lat' dir='ltr'><em>ll</em></span> <span class='ocrx_word' id='word_1_245' title='bbox 212 3517 299 3574; x_wconf 91' lang='lat' dir='ltr'><em>multo</em></span> <span class='ocrx_word' id='word_1_246' title='bbox 315 3537 474 3597; x_wconf 85' lang='lat' dir='ltr'><em>magnoque</em></span> <span class='ocrx_word' id='word_1_247' title='bbox 490 3522 635 3578; x_wconf 88' lang='lat' dir='ltr'><em>comitatu.</em></span> <span class='ocrx_word' id='word_1_248' title='bbox 667 3520 707 3578; x_wconf 90' lang='lat' dir='ltr'><em>ib.</em></span> <span class='ocrx_word' id='word_1_249' title='bbox 726 3518 864 3594; x_wconf 79' lang='lat' dir='ltr'><em>conficiat</em></span> <span class='ocrx_word' id='word_1_250' title='bbox 877 3525 906 3574; x_wconf 91' lang='lat' dir='ltr'><em>et</em></span> <span class='ocrx_word' id='word_1_251' title='bbox 920 3523 1075 3573; x_wconf 88' lang='lat' dir='ltr'><em>consumat.</em></span> <span class='ocrx_word' id='word_1_252' title='bbox 1111 3517 1148 3572; x_wconf 82' lang='lat'><em>14</em></span> <span class='ocrx_word' id='word_1_253' title='bbox 1167 3533 1224 3590; x_wconf 91' lang='lat' dir='ltr'><em>pa-</em></span> 
     </span>
     <span class='ocr_line' id='line_1_33' title="bbox 147 3619 1223 3699; baseline 0 -25"><span class='ocrx_word' id='word_1_254' title='bbox 147 3621 190 3676; x_wconf 89' lang='lat' dir='ltr'><em>cis</em></span> <span class='ocrx_word' id='word_1_255' title='bbox 212 3627 240 3676; x_wconf 90' lang='lat' dir='ltr'><em>et</em></span> <span class='ocrx_word' id='word_1_256' title='bbox 262 3627 348 3695; x_wconf 82' lang='lat' dir='ltr'><em>togae</em></span> <span class='ocrx_word' id='word_1_257' title='bbox 368 3653 410 3663; x_wconf 90' lang='lat'>—</span> <span class='ocrx_word' id='word_1_258' title='bbox 433 3620 504 3678; x_wconf 87' lang='lat' dir='ltr'><em>belli</em></span> <span class='ocrx_word' id='word_1_259' title='bbox 524 3631 609 3699; x_wconf 90' lang='lat' dir='ltr'><em>atque</em></span> <span class='ocrx_word' id='word_1_260' title='bbox 631 3639 787 3679; x_wconf 90' lang='lat' dir='ltr'><em>armorum.</em></span> <span class='ocrx_word' id='word_1_261' title='bbox 840 3624 874 3678; x_wconf 82' lang='lat'><em>15</em></span> <span class='ocrx_word' id='word_1_262' title='bbox 906 3637 968 3675; x_wconf 81' lang='lat' dir='ltr'><em>crem</em></span> <span class='ocrx_word' id='word_1_263' title='bbox 996 3625 1070 3674; x_wconf 85' lang='lat' dir='ltr'><em>esset</em></span> <span class='ocrx_word' id='word_1_264' title='bbox 1096 3619 1223 3674; x_wconf 87' lang='lat' dir='ltr'><em>incertus</em></span> 
     </span>
     <span class='ocr_line' id='line_1_34' title="bbox 147 3720 1222 3800; baseline -0.003 -22"><span class='ocrx_word' id='word_1_265' title='bbox 147 3721 241 3778; x_wconf 77' lang='lat' dir='ltr'><em>amitus</em></span> <span class='ocrx_word' id='word_1_266' title='bbox 262 3730 291 3778; x_wconf 91' lang='lat' dir='ltr'><em>et</em></span> <span class='ocrx_word' id='word_1_267' title='bbox 312 3741 418 3798; x_wconf 89' lang='lat' dir='ltr'><em>anceps</em></span> <span class='ocrx_word' id='word_1_268' title='bbox 431 3721 560 3800; x_wconf 84' lang='lat' dir='ltr'><em>fortuna</em></span> <span class='ocrx_word' id='word_1_269' title='bbox 576 3723 652 3782; x_wconf 87' lang='lat' dir='ltr'><em>belli.</em></span> <span class='ocrx_word' id='word_1_270' title='bbox 699 3728 738 3781; x_wconf 80' lang='lat'><em>22</em></span> <span class='ocrx_word' id='word_1_271' title='bbox 762 3732 861 3781; x_wconf 89' lang='lat' dir='ltr'><em>tantae</em></span> <span class='ocrx_word' id='word_1_272' title='bbox 883 3720 1012 3778; x_wconf 88' lang='lat' dir='ltr'><em>latebrae</em></span> <span class='ocrx_word' id='word_1_273' title='bbox 1033 3729 1062 3776; x_wconf 89' lang='lat' dir='ltr'><em>et</em></span> <span class='ocrx_word' id='word_1_274' title='bbox 1083 3721 1159 3776; x_wconf 89' lang='lat' dir='ltr'><em>tanti</em></span> <span class='ocrx_word' id='word_1_275' title='bbox 1178 3739 1222 3776; x_wconf 88' lang='lat' dir='ltr'><em>re·</em></span> 
     </span>
     <span class='ocr_line' id='line_1_35' title="bbox 148 3820 1222 3903; baseline -0.004 -22"><span class='ocrx_word' id='word_1_276' title='bbox 148 3842 254 3882; x_wconf 78' lang='lat' dir='ltr'><em>cessim.</em></span> <span class='ocrx_word' id='word_1_277' title='bbox 302 3829 340 3882; x_wconf 79' lang='lat'><em>23</em></span> <span class='ocrx_word' id='word_1_278' title='bbox 368 3826 506 3901; x_wconf 87' lang='lat' dir='ltr'><em>perculsa</em></span> <span class='ocrx_word' id='word_1_279' title='bbox 530 3843 565 3883; x_wconf 90' lang='lat' dir='ltr'><em>ac</em></span> <span class='ocrx_word' id='word_1_280' title='bbox 584 3835 744 3901; x_wconf 89' lang='lat' dir='ltr'><em>prostrato.</em></span> <span class='ocrx_word' id='word_1_281' title='bbox 790 3825 830 3885; x_wconf 91' lang='lat' dir='ltr'><em>ib.</em></span> <span class='ocrx_word' id='word_1_282' title='bbox 855 3843 927 3903; x_wconf 94' lang='lat' dir='ltr'><em>quoe</em></span> <span class='ocrx_word' id='word_1_283' title='bbox 948 3824 1062 3900; x_wconf 87' lang='lat' dir='ltr'><em>dilapso</em></span> <span class='ocrx_word' id='word_1_284' title='bbox 1085 3841 1141 3879; x_wconf 83' lang='lat' dir='ltr'><em>enm</em></span> <span class='ocrx_word' id='word_1_285' title='bbox 1165 3820 1222 3899; x_wconf 81' lang='lat' dir='ltr'><em>alis-</em></span> 
     </span>
     <span class='ocr_line' id='line_1_36' title="bbox 138 3925 1222 4008; baseline 0.001 -24"><span class='ocrx_word' id='word_1_286' title='bbox 138 3929 304 4008; x_wconf 80' lang='lat' dir='ltr'><em>flueerunt.</em></span> <span class='ocrx_word' id='word_1_287' title='bbox 354 3933 392 3985; x_wconf 81' lang='lat'><em>29</em></span> <span class='ocrx_word' id='word_1_288' title='bbox 424 3928 494 3988; x_wconf 87' lang='lat' dir='ltr'><em>vide</em></span> <span class='ocrx_word' id='word_1_289' title='bbox 524 3929 605 3988; x_wconf 89' lang='lat' dir='ltr'><em>hunc</em></span> <span class='ocrx_word' id='word_1_290' title='bbox 634 3929 731 3988; x_wconf 85' lang='lat' dir='ltr'><em>locum</em></span> <span class='ocrx_word' id='word_1_291' title='bbox 763 3930 842 3990; x_wconf 83' lang='lat' dir='ltr'><em>inter</em></span> <span class='ocrx_word' id='word_1_292' title='bbox 871 3935 984 4006; x_wconf 84' lang='lat' dir='ltr'><em>tropos.</em></span> <span class='ocrx_word' id='word_1_293' title='bbox 1027 3925 1068 3985; x_wconf 91' lang='lat' dir='ltr'><em>ib.</em></span> <span class='ocrx_word' id='word_1_294' title='bbox 1103 3934 1132 3982; x_wconf 90' lang='lat' dir='ltr'><em>et</em></span> <span class='ocrx_word' id='word_1_295' title='bbox 1160 3927 1222 3985; x_wconf 88' lang='lat' dir='ltr'><em>sine</em></span> 
     </span>
    </p>
   </div>
   <div class='ocr_carea' id='block_1_5' title="bbox 221 4149 840 4216">
    <p class='ocr_par' dir='ltr' id='par_1_6' title="bbox 221 4149 840 4216">
     <span class='ocr_line' id='line_1_37' title="bbox 221 4149 840 4216; baseline -0.002 -15"><span class='ocrx_word' id='word_1_296' title='bbox 221 4149 279 4216; x_wconf 75' lang='lat'>151)</span> <span class='ocrx_word' id='word_1_297' title='bbox 298 4151 465 4211; x_wconf 79' lang='lat' dir='ltr'><em>accipiendam</em></span> <span class='ocrx_word' id='word_1_298' title='bbox 482 4157 541 4214; x_wconf 87' lang='lat' dir='ltr'><em>puto</em></span> <span class='ocrx_word' id='word_1_299' title='bbox 561 4151 649 4200; x_wconf 76' lang='lat' dir='ltr'><em>Faerni</em></span> <span class='ocrx_word' id='word_1_300' title='bbox 668 4149 840 4200; x_wconf 82' lang='lat' dir='ltr'><em>coniecturum.</em></span> 
     </span>
    </p>
   </div>
   <div class='ocr_carea' id='block_1_6' title="bbox 0 0 1380 4620">
    <p class='ocr_par' dir='ltr' id='par_1_7' title="bbox 0 0 1380 4620">
     <span class='ocr_line' id='line_1_38' title="bbox 0 0 1380 4620; baseline 0 0"><span class='ocrx_word' id='word_1_301' title='bbox 0 0 1380 4620; x_wconf 95' lang='lat' dir='ltr'><em> </em></span> 
     </span>
    </p>
   </div>
  </div>
 </body>
</html>
