2752 4620
593 251 805 319 ...65-

243 408 334 468 Ouius
364 411 530 469 structurae
563 409 663 470 neseio
693 427 731 467 an
764 400 911 487 ἀνάλογον
941 408 1081 486 quiddam
1111 411 1236 489 quadam

111 538 113 543 ·
158 511 339 590 quidemex
361 516 447 587 parte
469 512 501 569 in
523 513 719 588 praecedente
742 511 928 587 paragrapho
952 516 970 568 9
994 511 1149 572 invenias:

243 614 395 685 ,eiusmodi
414 633 461 671 rer
560 614 689 691 obstrepi
708 615 835 671 clamore
857 614 978 671 militum
1002 615 1159 684 vedentur,
1185 615 1237 673 ubi

155 717 280 776 verbum
309 715 533 777 intransitivum
561 717 679 793 passive
710 716 897 788 enuntiatur,
930 735 1019 795 quem
1042 737 1128 776 usum
1151 717 1237 776 Hell-
1307 795 1310 802 1

156 819 290 877 muthius
311 819 331 877 l.
348 817 366 876 l.
391 817 407 896 ᾗ
428 824 468 876 20
499 820 588 893 ,haud
612 819 700 878 dubie
724 837 739 876 e
763 817 942 879 Graecorum
966 838 1102 879 sermone
1124 819 1157 877 in
1180 820 1237 878 La-

155 921 251 980 tinum
266 920 432 996 irrepsisse‘
453 923 616 982 contendit.
662 921 770 981 Nescio
786 941 857 979 num
875 924 973 981 recte:
996 923 1048 980 sed
1063 942 1130 981 oum
1146 923 1238 981 semel

156 1026 193 1082 ad
215 1025 393 1100 graeoismos
415 1024 620 1100 pervenimus,
653 1024 815 1085 videnum
838 1023 896 1083 huo
920 1017 1132 1084 ἀνακόλουθον
1153 1025 1237 1098 illud,

156 1128 235 1206 quod
268 1125 284 1204 ᾗ
311 1127 347 1185 17
381 1132 457 1187 extr.
488 1127 684 1203 conspicitur,
717 1127 812 1203 possis
843 1128 969 1187 referre:
1004 1128 1139 1199 ,ulterius
1170 1147 1236 1185 uero

152 1231 249 1306 partis
271 1229 348 1288 mabil
366 1230 489 1306 amplius
511 1230 603 1287 decom
627 1249 708 1308 quam
733 1231 764 1287 id
784 1231 861 1307 quod
875 1250 970 1288 omues
987 1230 1165 1302 verebamur,
1191 1233 1236 1288 ηἰ-

155 1335 208 1390 cresi·
238 1334 404 1391 rrceuurlom
426 1332 564 1411 secturam
592 1334 687 1408 forise
716 1334 893 1390 ue'ctomhmf
938 1336 987 1393 Ad
1019 1354 1108 1413 quem
1137 1334 1236 1393 locum

153 1435 492 1495 Richter-Eberhardius
514 1437 589 1496 haee
611 1439 750 1496 adnotat:
774 1437 839 1506 ,der
862 1438 937 1495 Sclz
959 1439 1036 1495 wz'rd
1056 1438 1149 1496 durch
1172 1439 1234 1494 erice

153 1539 327 1597 Parentbese
356 1538 580 1610 uuterbrocbeu,
614 1560 651 1597 oa
674 1540 759 1597 deren
783 1539 904 1596 Verbum
933 1541 996 1597 sc‘cb
1027 1542 1078 1599 der
1102 1527 1238 1598 llberreat

153 1642 340 1712 aurcbliesrt,
374 1642 432 1718 egl.
457 1651 518 1700 εῖν).
544 1642 577 1699 de
599 1641 650 1722 off.
675 1642 701 1712 I,
721 1647 782 1699 22:
816 1644 965 1719 ,qrroar‘am
990 1684 1060 1713 ...,
1086 1652 1118 1700 ut
1136 1643 1236 1719 placet

153 1747 264 1814 stoz'm‘r,
290 1763 362 1821 qreoe
465 1747 639 1820 gignuntur,
664 1743 704 1800 ad
724 1763 804 1801 usum
828 1744 970 1802 barachum
989 1746 1109 1803 creari.‘
1156 1746 1236 1802 Weil

153 1845 288 1922 bbufiger
309 1866 341 1903 so
364 1848 410 1904 die
433 1847 583 1916 Grrbcbeu,
609 1846 762 1905 beronders
782 1846 886 1916 Plato,-
912 1849 1027 1924 Hrbger
1050 1849 1100 1906 Gr.
1114 1849 1163 1924 Sp.
1180 1852 1231 1917 55,

155 1953 184 2019 4,
200 1948 243 2006 7.ί
289 1947 475 2029 Quamquam
497 1949 597 2008 neseio
620 1969 659 2008 an
681 1951 739 2009 hoc
754 1949 819 2009 loeo
836 1951 935 2008 omnia
951 1955 1031 2010 reate
1047 1970 1078 2009 se
1093 1952 1232 2024 habeant,

154 2051 213 2111 nisi
236 2052 316 2131 quod
339 2051 392 2110 illa
415 2053 551 2122 ,alterius
573 2072 640 2111 uero
658 2055 769 2128 partr's‘
793 2052 987 2112 insolentiore
1004 2055 1130 2132 quodam
1146 2056 1233 2113 modo

154 2154 215 2214 sint
236 2155 427 2230 transposita.

239 2259 287 2316 Ex
320 2258 459 2318 familiari
492 2259 610 2317 dicendi
642 2259 857 2318 consuetudine
888 2263 1037 2333 sumptum
1070 2259 1109 2318 sit
1140 2258 1156 2337 ᾖ
1181 2264 1233 2319 1οε

151 2361 358 2440 ,reliquum
380 2363 396 2420 f
400 2366 524 2434 asero‘
546 2381 600 2438 pro
623 2361 830 2440 ,relinqueret
854 2362 890 2420 de
906 2379 965 2440 qua
987 2360 1136 2421 locutione
1153 2383 1180 2422 v.
1196 2365 1232 2421 ad

152 2463 283 2539 Philipp.
300 2465 390 2538 XIII,
408 2470 457 2524 48.
503 2466 572 2524 Huc
592 2467 695 2524 eodem
718 2465 844 2524 forsitan
867 2464 899 2522 in
922 2465 1024 2522 eadem
1047 2467 1232 2540 paragrapho

151 2567 191 2626 sit
220 2568 408 2627 referendum
439 2567 816 2641 ,commemorabilis‘
846 2567 1024 2628 vocabulum
1055 2587 1108 2642 pro
1139 2568 1232 2642 magis

154 2671 231 2744 apud
254 2670 424 2730 Ciceronem
448 2671 624 2746 pervulgato
647 2670 775 2745 simplici
797 2667 1001 2741 ,memorabili‘
1024 2669 1061 2727 of.
1077 2668 1168 2727 Wolfi
1182 2670 1233 2726 ad·

151 2778 229 2831 nott
263 2771 530 2842 ,Commemorabr'lr'
555 2774 663 2848 pretate
687 2773 733 2828 uel
753 2771 815 2828 clia
840 2772 945 2829 uirtute
971 2772 1124 2847 praeditus
1151 2789 1231 2827 nemo

150 2877 296 2951 reperitur
316 2873 396 2950 opud
417 2875 598 2945 Ciceronem,
624 2876 682 2931 etsi
701 2874 754 2931 boc
774 2892 868 2950 gemus
892 2874 985 2931 baudra
1008 2875 1038 2932 ei
1049 2873 1231 2952 frequentes-

151 2979 250 3034 rc'mum
267 2986 320 3048 cst,
346 2987 374 3034 et
390 2976 627 3035 memorabili
638 2975 813 3055 sortasse
829 2995 916 3034 usus
932 2984 1032 3034 esset
1044 2975 1230 3054 fideliore

151 3082 319 3137 memoria
343 3080 548 3156 Scriptor.‘

236 3183 344 3243 Proeul
366 3183 455 3242 dubio
477 3183 630 3259 volgarem
652 3203 818 3243 sermonem
841 3183 892 3241 ille
914 3182 1104 3259 pleonasmus
1126 3180 1229 3260 (514)

149 3288 328 3363 ,prudens
351 3291 387 3347 et
410 3285 549 3346 seiens‘
571 3286 693 3346 redolet.

236 3387 312 3466 §31
347 3408 442 3461 ,arma
465 3390 501 3448 ab
524 3391 592 3448 ulri's
618 3393 734 3466 posita,
768 3387 812 3447 ab
834 3389 927 3446 cle'e‘s
954 3396 1086 3463 erepto
1115 3392 1226 3444 runt‘.

149 3491 195 3549 De
217 3492 273 3551 hae
287 3497 435 3554 structura
450 3493 592 3554 videntur
610 3492 805 3570 respicienda,
830 3510 907 3571 quae
923 3492 1009 3551 docet
1023 3489 1228 3556 Hellmuthius

148 3594 199 3652 11.
223 3591 310 3670 §572
341 3597 479 3667 ,Verbum
510 3599 622 3674 erupere
652 3598 737 3672 uulgo
761 3600 803 3654 ita
828 3602 1003 3671 resurpulur,
1037 3603 1068 3650 ul
1086 3612 1224 3670 persona,

148 3699 199 3756 cui
218 3697 329 3773 aliquid
350 3700 485 3774 eripitur,
511 3700 637 3756 dativum
660 3716 757 3755 cusam
775 3699 911 3775 accepiet,
956 3697 1034 3754 Haec
1051 3699 1226 3755 constructio

148 3804 178 3859 in
201 3808 288 3860 orutt.
313 3799 383 3858 blm
489 3802 606 3877 legitur.
653 3803 697 3858 At
718 3802 746 3859 irc
771 3801 801 3856 V
800 3802 950 3858 errr'ne‘s
971 3819 1026 3857 nou
1048 3819 1119 3858 raro
1139 3819 1225 3875 prae-

148 3957 293 4004 cicaronem
315 3955 340 4001 in
358 3953 532 4001 honoratione
555 3953 718 4002 libentissimo
736 3953 930 4014 significantiam
948 3954 990 4001 val
1008 3953 1144 4012 insigniora
1162 3951 1224 3998 arri-

147 4043 230 4103 puisse
256 4041 312 4089 aliis
336 4054 432 4099 quoque
457 4041 518 4088 loeis
542 4045 624 4100 potest
649 4039 759 4098 ostendi,
786 4041 816 4087 of.
836 4054 899 4099 quas
916 4040 983 4088 infra
1000 4040 1030 4088 (le
1048 4052 1111 4085 voco
1130 4052 1224 4084 vacuus

147 4127 304 4178 disseremus.

998 4217 1015 4270 5
