2752 4620
464 257 792 347 „sto-

147 432 243 471 amore
272 422 302 469 et
327 415 388 471 artie
418 414 578 490 cupiditate
608 421 637 470 et
664 431 767 470 rursus
797 414 859 471 sinc
889 413 953 470 odrb
983 421 1012 470 et
1033 413 1094 469 arbe
1116 413 1227 472 rbnr'dr'a

147 514 324 574 abdicabant.
371 518 407 572 31
433 517 485 591 qui
505 516 534 572 in
557 518 620 573 acie
635 515 748 585 eccidit,
775 517 826 591 qui
845 516 874 572 in
897 534 986 573 consu
1010 517 1134 572 anianum
1155 533 1227 591 pro-

139 617 230 698 fudit.
278 623 317 675 32
339 616 476 675 excubias
498 627 527 675 ct
549 620 703 675 custodias.
749 618 789 677 ib.
815 619 936 676 lotarum
953 620 1100 694 oppositus
1117 626 1145 675 at
1159 637 1226 675 cor·

143 739 256 797 porum.
280 755 321 763 -
345 719 477 784 Quorum
493 721 697 796 exemplorum
721 741 863 780 numerus
884 721 974 780 facile
996 727 1096 798 potest
1115 721 1226 796 augeri.

232 822 310 882 Satis
331 823 390 880 iam
413 822 506 882 multa
528 824 664 883 attulisse
686 843 741 882 nos
763 824 906 897 ducimus,
931 844 984 883 cur
1005 823 1075 883 huic
1098 822 1227 882 orationi

149 946 208 987 nou
232 925 349 985 Atticae
371 925 511 985 dictionis
542 925 658 984 laudem
689 927 870 999 tribuamus,
903 947 958 986 uec
980 933 1099 1004 tempus
1128 931 1226 987 terere

150 1032 288 1106 oportere
308 1028 340 1085 in
364 1028 572 1086 enumerandis
594 1027 706 1101 figuris.

235 1132 340 1190 Restat
362 1135 395 1189 ut
417 1149 565 1205 perpauca
587 1132 727 1189 addamus
750 1132 786 1189 de
809 1122 1101 1208 compositione.
1147 1133 1226 1190 Mar-

150 1232 275 1291 celliaua
304 1234 463 1293 verborum
492 1233 612 1311 quidem
641 1234 772 1292 numeris
801 1233 889 1311 plane
920 1253 1021 1292 earum
1053 1234 1227 1294 ascribenda

150 1342 197 1394 est
219 1335 305 1394 classi
328 1335 510 1407 orationum,
541 1336 621 1395 inter
645 1355 717 1414 quas
748 1337 909 1395 secundum
931 1342 1064 1412 tempus,
1099 1357 1157 1416 quo
1181 1343 1227 1397 est

150 1436 266 1510 habita,
289 1437 402 1497 incidit.
447 1439 520 1497 (lum
543 1438 575 1496 in
597 1440 652 1498 hac
675 1459 794 1518 quoquc
818 1440 953 1499 oratione
976 1438 1164 1499 manifestum
1187 1441 1227 1499 sit

150 1538 322 1598 Ciceronem
345 1559 482 1599 numeros
498 1541 655 1602 verborum
679 1541 766 1617 plane
783 1542 977 1617 neglegenter
991 1547 1141 1600 tractasse.
1189 1544 1226 1599 In

149 1641 223 1700 haec
244 1640 382 1718 inprimis
404 1643 534 1702 animum
557 1648 639 1703 tuum
661 1650 792 1703 vertam:
814 1645 934 1702 Summa
956 1643 1087 1701 omnium
1111 1645 1226 1703 clausu-

150 1743 244 1801 larum
274 1743 430 1821 bisyllabis
453 1746 577 1805 vocibus
608 1747 780 1805 effectarum
808 1747 956 1824 adaequat
983 1764 1062 1817 eam,
1096 1766 1171 1824 quae
1194 1747 1226 1805 in

151 1844 311 1921 Ligariana
332 1851 470 1923 apparet,
495 1853 544 1921 21,
562 1854 579 1906 3
594 1874 638 1898 =
655 1852 703 1920 21,
721 1853 756 1921 2,
789 1848 920 1926 itemque
943 1868 1084 1906 numerus
1107 1849 1227 1927 quadri·

151 1948 331 2027 syllabarum
355 1950 551 2009 clausularum
575 1953 638 2027 (31,
656 1952 687 2030 4)
716 1951 815 2009 minor
845 1956 891 2009 est
913 1970 1000 2029 quam
1025 1951 1157 2009 omnium
1180 1970 1227 2010 oe-

151 2055 281 2111 terarum
305 2053 487 2112 orationum:
519 2073 643 2131 quarum
666 2073 765 2113 rerum
787 2054 824 2112 de
846 2053 877 2113 ri
900 2053 969 2114 vide
993 2072 1082 2128 supro
1104 2052 1145 2130 (p.
1164 2055 1226 2131 54).

152 2155 189 2212 In
213 2154 299 2214 classi
328 2155 540 2234 bisyllabarum
570 2178 677 2218 vocum
707 2157 920 2217 descendentes
949 2156 1097 2214 clausulae
1125 2174 1227 2215 ascen·

152 2255 290 2315 dentibus
320 2265 500 2334 superantur
522 2279 663 2319 numero:
701 2265 746 2331 11,
764 2265 780 2317 8
798 2293 839 2303 --
856 2265 884 2332 9,
902 2265 921 2317 4
936 2284 979 2308 =
995 2263 1023 2331 2,
1040 2264 1076 2317 4:
1107 2258 1227 2338 quadri-

154 2358 333 2434 syllabarum
349 2361 546 2420 clausularum
569 2362 649 2421 inter
671 2364 882 2422 descendentes
905 2367 935 2420 et
956 2362 1151 2420 ascendentes
1175 2361 1229 2420 mi·

153 2460 234 2519 nima
249 2461 381 2520 omnium
404 2464 572 2523 orationum
595 2465 753 2524 intercedit
775 2463 960 2522 differentia:
985 2467 1068 2535 20,9
1089 2497 1125 2506 -
1146 2467 1192 2537 10,
1210 2467 1228 2521 4

154 2589 197 2614 ι·-
215 2569 259 2638 10,
275 2571 302 2638 5,
326 2585 390 2624 cum
407 2567 495 2628 etiam
512 2567 543 2625 in
560 2566 631 2626 orat.
648 2588 676 2644 p.
690 2567 786 2626 Deiot.
803 2567 870 2625 hab.
887 2570 933 2640 ll,
949 2570 965 2622 8
983 2563 1045 2642 (25,
1059 2565 1121 2624 7-
1137 2570 1184 2639 13,
1197 2565 1230 2643 9)

155 2685 278 2728 numero
301 2671 495 2732 ascendentes
517 2671 765 2732 descendentibus
788 2675 975 2746 superentur.

241 2772 432 2850 Dispondeus
459 2775 615 2854 trisyllaba
636 2795 710 2836 voce
740 2776 863 2834 effectus
892 2773 1086 2833 antecedente
1116 2771 1231 2849 syllaba

156 2875 299 2948 producta
321 2925 340 2934 -
359 2871 364 2958 Ι
383 2926 464 2938 ..-.
492 2878 523 2936 iu
548 2878 660 2955 optima
681 2878 803 2954 periodo
827 2896 981 2935 numerum
1005 2881 1023 2933 2
1055 2894 1115 2933 non
1146 2893 1229 2947 agre·

157 2977 246 3051 ditur,
269 2978 300 3036 in
324 3000 365 3039 or.
387 3000 416 3056 p.
433 2981 498 3041 Dei.
514 2982 582 3040 hab.
601 2987 628 3055 3,
646 2988 663 3039 3
688 2980 863 3060 assequitur,
887 2979 918 3037 in
943 2963 1134 3040 Marcelliaua
1156 2978 1230 3036 adeo

157 3086 185 3153 4,
210 3088 237 3142 3.

243 3188 327 3249 Adde
349 3190 438 3249 huius
459 3191 572 3249 formae
594 3239 614 3250 -
632 3221 638 3267 i
654 3238 674 3248 -
692 3221 699 3266 3
714 3238 734 3248 -
753 3185 758 3270 l
776 3217 799 3246 υ
810 3237 830 3245 -,
858 3186 1054 3246 clausularum
1076 3203 1231 3243 numerum

160 3294 222 3361 4,4
247 3299 450 3368 comparatum
472 3313 536 3352 cum
561 3292 668 3352 ceteris
698 3291 891 3350 orationibus.
936 3289 1073 3369 Denique
1102 3286 1233 3347 clausula

159 3495 407 3576 quinquesyllaba
429 3499 582 3559 invenitur
610 3497 705 3577 §212
738 3498 902 3556 extenuabo
925 3495 975 3571 (·):
1005 3513 1080 3574 quae
1103 3491 1234 3552 clausula

160 3622 194 3660 eo
217 3601 337 3660 maioris
360 3603 448 3661 debet
470 3621 533 3661 esse
557 3601 714 3672 momenti,
745 3601 824 3679 quod
848 3619 908 3658 non
931 3588 1089 3655 excusatur
1118 3596 1233 3654 minore

158 3703 409 3782 interpunctione.
452 3705 533 3763 Illud
556 3705 634 3764 euim
665 3704 754 3781 plane
782 3710 855 3780 puto
878 3700 996 3776 neglegi
1020 3718 1122 3774 posse,
1154 3697 1232 3780 quod

158 3813 287 3872 leviores
310 3807 426 3868 codices
449 3811 593 3885 praebent
614 3809 792 3880 ‚extenuabo
816 3806 928 3878 ocrdr's‘,
961 3803 996 3861 de
1020 3823 1079 3882 qua
1101 3805 1232 3879 interpo-

159 3916 270 3975 latione
294 3912 362 3972 vide
385 3911 494 3970 Baiteri
526 3912 747 3971 adnotationem
777 3911 908 3969 criticam
939 3907 970 3964 in
994 3908 1125 3968 editione
1149 3906 1233 3966 Orel-

160 4020 240 4077 liana
265 4018 367 4076 altera.
412 4013 468 4073 His
491 4016 619 4089 peractis
640 4014 699 4071 iam
723 4014 758 4071 ad
782 4013 931 4087 epilogum
954 4013 1081 4071 transire
1104 4031 1158 4071 nos
1181 4029 1234 4085 pu-

160 4128 256 4185 tamus
287 4138 389 4197 posse‚
421 4138 478 4200 quo
510 4136 586 4197 quae
616 4117 749 4177 effecisse
781 4113 867 4175 uobis
897 4114 1033 4176 videmur
1063 4117 1099 4175 de
1127 4131 1235 4190 genere
