2752 4620
596 279 809 344 ..¹41-

161 458 247 515 saepe
268 437 567 514 honorificentissimis
589 437 710 493 decretis
733 436 951 511 appellavisset
972 438 1074 511 quique
1096 434 1176 492 illum
1193 454 1239 491 or·

161 541 252 598 de'uem
284 539 320 598 ab
349 539 542 598 adralesceutia
570 539 772 614 grauissimum
800 540 1064 615 sanctissimumque
1086 539 1239 597 ducisset.

161 643 232 702 ibid.
264 647 333 703 reati
354 662 516 719 semperque
540 644 664 700 uersati.
716 645 750 699 15
782 661 837 699 rroa
861 640 940 697 modo
963 659 981 697 a
1005 649 1031 697 te
1050 641 1181 717 periculo
1204 640 1240 697 li-

161 747 299 816 taetus,
322 747 373 802 sed
389 747 473 802 ettam
495 745 601 802 douore
623 744 796 820 amplissimo
813 749 953 803 ornatus.
1000 747 1038 800 24
1062 745 1105 800 Ar
1121 763 1153 799 eo
1173 751 1239 798 tear-

159 867 231 924 pore
258 852 320 924 apso
346 849 495 924 pecuamm
525 848 621 917 dedit,
650 850 806 904 escere-itum
838 848 931 915 aluit,
960 848 1003 915 ei,
1037 864 1117 922 quem
1148 846 1239 902 Assae

159 949 353 1026 praefeceras,
380 953 408 1008 v'a
430 950 512 1009 nulla
535 969 568 1007 re
584 948 688 1027 defuit
734 954 770 1007 31
798 967 858 1005 oum
877 947 1007 1006 tribueras
1026 948 1068 1022 pl.
1088 949 1130 1005 M.
1147 948 1238 1004 Scau-

162 1071 235 1122 rum,
259 1054 415 1129 priucr'pcm
439 1056 576 1122 ciuitatis,
603 1054 632 1110 lu
656 1053 789 1109 iudicium
809 1052 1048 1128 popultliomam'
1068 1054 1239 1110 vocavisset

163 1156 324 1232 Scaurique
350 1174 450 1212 servus
478 1157 517 1213 ad
538 1174 598 1212 erem
621 1155 695 1212 etam
719 1153 827 1210 domum
851 1157 986 1214 uenisset
1015 1162 1043 1210 et
1064 1153 1185 1210 crr‘uu'aa
1208 1153 1238 1209 ia

161 1258 302 1314 dommum
325 1258 484 1315 delaturum
506 1278 536 1315 se
557 1276 619 1314 esse
640 1258 785 1317 dixisset.
826 1256 901 1315 ibid.
925 1257 975 1313 sed
997 1267 1089 1314 tamea
1113 1256 1162 1312 ille
1184 1256 1238 1312 mi·

164 1361 236 1416 arico
258 1379 368 1416 seruam
391 1362 519 1430 resaisit,
554 1369 584 1416 tu
613 1359 649 1416 ab
677 1378 729 1417 auc
759 1359 931 1429 abduxisti3
964 1359 1015 1416 ate
1043 1359 1238 1434 incorruptum

160 1463 262 1519 audire
283 1462 390 1533 uoluit,
417 1472 447 1520 tu
469 1466 652 1539 corrupisti3
675 1463 725 1521 illc
747 1463 904 1521 adiutorem
927 1480 1038 1520 servum
1061 1470 1163 1519 eoatra
1186 1461 1235 1516 do·

160 1566 262 1621 saeuam
286 1565 458 1640 repudiavit,
485 1574 515 1622 ta
536 1567 622 1622 ettam
645 1575 840 1622 accusatorem
864 1563 1039 1625 adhibuisti.

249 1670 292 1726 Ao
323 1668 359 1724 de
382 1667 544 1743 Ligariana
575 1668 695 1746 quidem
727 1668 876 1727 neminem
908 1686 994 1742 spero
1026 1666 1237 1736 dubitaturum,

163 1770 236 1847 quin
254 1769 356 1828 Cicero
379 1769 456 1828 hanc
478 1771 603 1843 figuram
626 1769 710 1828 tenui
727 1771 854 1850 quodem
878 1771 964 1828 modo
981 1768 1153 1829 excoluerit.
1191 1769 1236 1825 Dc

161 1890 203 1929 or.
228 1890 258 1946 p.
279 1870 420 1929 Deiotaro
443 1871 511 1929 heb.
535 1875 595 1930 tom
619 1877 732 1932 eertum
755 1871 814 1932 tale
835 1871 979 1932 iudicium
1000 1874 1078 1930 ferro
1101 1891 1161 1929 non
1183 1891 1236 1947 po-

161 1973 300 2032 terimus:
322 1992 499 2053 quamquam
522 1972 554 2031 in
577 1976 633 2033 hac
649 1995 768 2055 quoquc
784 1975 918 2035 oratione
940 1975 1082 2054 pleraque
1099 1973 1237 2051 exempla

162 2093 222 2133 non
245 2077 400 2135 admodum
424 2094 510 2134 aures
532 2081 649 2135 nostres
670 2079 839 2149 verberant,
863 2096 957 2157 caque
980 2077 1081 2149 modo,
1105 2095 1181 2156 quac
1204 2077 1235 2135 in

162 2176 198 2256 §§
218 2184 255 2237 10
278 2186 309 2239 et
333 2184 370 2237 31
396 2179 534 2254 (fortasse
557 2179 646 2239 etiam
671 2177 687 2257 ξ
708 2179 739 2255 3)
763 2180 995 2257 conspiciuntur,
1019 2179 1236 2258 aliquantulum

160 2301 215 2340 nos
231 2282 395 2341 offendunt.
440 2283 501 2342 Sed
524 2283 597 2341 hoec
618 2283 684 2358 ipsa
707 2283 831 2342 multum
850 2283 960 2342 distare
983 2283 1019 2340 ob
1041 2282 1088 2354 iis,
1112 2300 1187 2359 quse
1203 2299 1235 2339 re

160 2403 232 2443 vera
253 2383 401 2460 insignius
423 2384 536 2463 aliquid
559 2385 807 2464 artificiosiusque
829 2390 990 2462 appetunt,
1013 2386 1086 2442 haec
1109 2401 1148 2440 ex
1169 2383 1235 2440 aliis

160 2493 278 2563 sumpts
309 2487 495 2547 orationibus
525 2494 554 2547 te
583 2488 741 2546 docebunt.
797 2488 909 2552 Quanti
937 2487 1016 2547 enim
1046 2491 1091 2546 cst
1117 2485 1234 2546 artificii

159 2590 243 2664 illud,
267 2591 346 2670 quod
364 2590 442 2649 Phil.
461 2591 518 2662 ΙΙΙ,
537 2595 576 2647 36
600 2590 726 2666 legitur:
750 2592 828 2661 ,His
849 2590 1016 2649 arrctoribus
1038 2600 1068 2648 ct
1087 2591 1232 2658 dacibus,

159 2693 215 2749 dis
245 2695 438 2765 iuvantibus,
470 2694 563 2751 notis
591 2694 798 2769 uigilantibus
828 2704 855 2751 et
884 2694 1000 2752 multum
1031 2697 1059 2752 ia
1086 2704 1233 2771 posterum

157 2797 405 2871 procedentibus,
432 2797 543 2872 populo
571 2797 696 2855 Idomene
726 2800 940 2868 consentiente,
970 2799 1077 2854 eriraus
1103 2796 1233 2874 profecto

160 2896 248 2954 tiberi
268 2895 350 2955 breui
371 2904 520 2975 tempore.‘
566 2898 685 2962 Quanto
714 2898 834 2958 fastidio
857 2919 891 2959 eo
913 2899 1054 2975 languore
1076 2919 1161 2959 aures
1184 2901 1233 2958 dc·

159 3000 271 3059 bebont
292 3000 435 3074 adficere,
466 3021 542 3080 quac
565 3002 596 3060 in
620 3003 721 3060 cadem
745 3000 878 3060 oratione
900 3001 973 3081 §30
998 3001 1151 3077 leguntur,
1182 3003 1234 3061 ubi

165 3099 238 3175 15⁰⁸,
266 3100 341 3176 15¹⁰·‚
364 3103 495 3183 inquam,
519 3107 622 3165 eodem
645 3110 732 3181 pacto
755 3105 896 3164 desinunt
916 3108 1023 3166 verbu:
1046 3139 1102 3175 ,-
1115 3105 1234 3181 fecerit

158 3237 200 3246 -
222 3205 398 3266 ecdauserit
419 3241 461 3251 —
483 3210 690 3285 compilaverit
711 3241 752 3251 -
776 3209 966 3268 transtulerit
996 3249 1057 3264 ...
1079 3249 1086 3264 .
1117 3226 1233 3264 revocu-

157 3310 302 3366 verit-
326 3308 501 3371 liberaverit
523 3312 746 3371 -sustulerit
771 3344 809 3354 -
833 3311 1056 3371 reduxerit-
1079 3314 1233 3369 curaverit

158 3443 199 3460 —
222 3413 389 3473 mstituerit
417 3448 458 3457 -
488 3416 727 3489 imposuerit-
751 3416 916 3474 excluserit
938 3447 980 3457 —
1002 3414 1162 3471 occluserit
1191 3448 1252 3491 ‘⁴

158 3518 332 3575 euomuerit
346 3551 386 3559 —
404 3518 619 3593 ragalaverit‘:
644 3516 712 3575 finis
734 3518 854 3576 tandem
876 3518 972 3576 factus
993 3517 1156 3592 insignitur
1176 3517 1232 3576 hac

157 3616 316 3676 vorborum
332 3619 540 3679 collocatione:
565 3639 640 3689 ‚cam
662 3621 791 3677 euercita
815 3621 929 3676 Romam
952 3623 1005 3676 stt
1026 3621 1065 3676 ad
1085 3621 1231 3677 mteritum

157 3727 285 3776 rostrum
314 3731 343 3778 et
370 3723 409 3778 ad
429 3722 631 3798 dispersionem
660 3721 740 3778 urbis
770 3724 866 3779 venere
897 3727 1089 3779 conatust‘
1135 3721 1231 3785 Quam

157 3820 237 3880 inest
259 3824 392 3900 quaesita
414 3825 599 3884 concinnitas
627 3824 659 3881 in
688 3825 749 3883 his:
779 3825 850 3900 imp.
867 3825 972 3900 Pomp.
994 3830 1023 3884 l:
1055 3827 1229 3901 Quamquam

157 3923 229 3980 milu'
254 3943 364 4001 semper
386 3926 527 4004 frequens
556 3938 721 4003 conspectus
752 3938 843 3985 vester
865 3928 952 3984 rarrlto
975 3930 1231 3998 iucundissimus,

156 4026 202 4082 lu'c
225 4035 317 4083 autem
341 4028 420 4086 locrus
441 4030 481 4087 ud
501 4031 641 4106 agendum
665 4031 893 4106 amplissimus,
915 4030 1120 4090 addicendum
1143 4049 1230 4087 orua-

158 4130 311 4188 tissimus
339 4139 383 4185 est
412 4132 489 4189 uisus
663 4134 748 4192 Adde
775 4133 841 4192 Mil.
866 4139 922 4192 61:
956 4137 1049 4192 omat'a
1081 4133 1231 4203 audienti,
