<?xml version="1.0" encoding="UTF-8"?>
<!DOCTYPE html PUBLIC "-//W3C//DTD XHTML 1.0 Transitional//EN"
    "http://www.w3.org/TR/xhtml1/DTD/xhtml1-transitional.dtd">
<html xmlns="http://www.w3.org/1999/xhtml" xml:lang="en" lang="en">
 <head>
  <title>
</title>
<meta http-equiv="Content-Type" content="text/html;charset=utf-8" />
  <meta name='ocr-system' content='tesseract 3.04.00' />
  <meta name='ocr-capabilities' content='ocr_page ocr_carea ocr_par ocr_line ocrx_word'/>
</head>
<body>
  <div class='ocr_page' id='page_1' title='image "./deearumquaevoca00guttgoog_0073.png"; bbox 0 0 2752 4620; ppageno 0'>
   <div class='ocr_carea' id='block_1_1' title="bbox 587 223 802 290">
    <p class='ocr_par' dir='ltr' id='par_1_1' title="bbox 587 223 802 290">
     <span class='ocr_line' id='line_1_1' title="bbox 587 223 802 290; baseline -0.014 -17"><span class='ocrx_word' id='word_1_1' title='bbox 587 223 802 290; x_wconf 64' lang='lat'><strong>..62-</strong></span> 
     </span>
    </p>
   </div>
   <div class='ocr_carea' id='block_1_2' title="bbox 149 376 1238 2204">
    <p class='ocr_par' dir='ltr' id='par_1_2' title="bbox 149 376 1238 2204">
     <span class='ocr_line' id='line_1_2' title="bbox 158 376 1234 459; baseline 0.001 -20"><span class='ocrx_word' id='word_1_2' title='bbox 158 383 293 455; x_wconf 87' lang='lat' dir='ltr'><strong>gestae</strong></span> <span class='ocrx_word' id='word_1_3' title='bbox 315 378 374 437; x_wconf 90' lang='lat' dir='ltr'><strong>iam</strong></span> <span class='ocrx_word' id='word_1_4' title='bbox 396 378 434 436; x_wconf 86' lang='lat' dir='ltr'><strong>ab</strong></span> <span class='ocrx_word' id='word_1_5' title='bbox 457 395 502 451; x_wconf 86' lang='lat' dir='ltr'><strong>eo,</strong></span> <span class='ocrx_word' id='word_1_6' title='bbox 526 379 578 456; x_wconf 89' lang='lat' dir='ltr'><strong>qui</strong></span> <span class='ocrx_word' id='word_1_7' title='bbox 600 380 752 454; x_wconf 86' lang='lat' dir='ltr'><strong>laudatur,</strong></span> <span class='ocrx_word' id='word_1_8' title='bbox 773 399 836 450; x_wconf 87' lang='lat' dir='ltr'><strong>res,</strong></span> <span class='ocrx_word' id='word_1_9' title='bbox 861 380 892 437; x_wconf 91' lang='lat' dir='ltr'><strong>in</strong></span> <span class='ocrx_word' id='word_1_10' title='bbox 914 379 1008 439; x_wconf 87' lang='lat' dir='ltr'><strong>altera</strong></span> <span class='ocrx_word' id='word_1_11' title='bbox 1028 376 1234 459; x_wconf 69' lang='grc'><strong>(5511-82)</strong></span> 
     </span>
     <span class='ocr_line' id='line_1_3' title="bbox 157 480 1233 558; baseline 0 -17"><span class='ocrx_word' id='word_1_12' title='bbox 157 482 348 558; x_wconf 80' lang='lat' dir='ltr'><strong>gerendae</strong></span> <span class='ocrx_word' id='word_1_13' title='bbox 370 480 490 540; x_wconf 88' lang='lat' dir='ltr'><strong>adhue</strong></span> <span class='ocrx_word' id='word_1_14' title='bbox 512 481 721 558; x_wconf 89' lang='lat' dir='ltr'><strong>respiciuntur.</strong></span> <span class='ocrx_word' id='word_1_15' title='bbox 765 483 846 542; x_wconf 89' lang='lat' dir='ltr'><strong>Luce</strong></span> <span class='ocrx_word' id='word_1_16' title='bbox 868 481 947 540; x_wconf 90' lang='lat' dir='ltr'><strong>enim</strong></span> <span class='ocrx_word' id='word_1_17' title='bbox 970 487 1016 542; x_wconf 87' lang='lat' dir='ltr'><strong>eet</strong></span> <span class='ocrx_word' id='word_1_18' title='bbox 1029 481 1139 542; x_wconf 82' lang='lat' dir='ltr'><strong>clarius</strong></span> <span class='ocrx_word' id='word_1_19' title='bbox 1154 503 1233 542; x_wconf 91' lang='lat' dir='ltr'><strong>ccm-</strong></span> 
     </span>
     <span class='ocr_line' id='line_1_4' title="bbox 149 582 1232 663; baseline -0.001 -17"><span class='ocrx_word' id='word_1_20' title='bbox 149 583 400 659; x_wconf 17' lang='lat' dir='ltr'><strong>,memorationem</strong></span> <span class='ocrx_word' id='word_1_21' title='bbox 431 582 622 657; x_wconf 90' lang='lat' dir='ltr'><strong>insidiarum,</strong></span> <span class='ocrx_word' id='word_1_22' title='bbox 654 602 729 663; x_wconf 90' lang='lat' dir='ltr'><strong>quaa</strong></span> <span class='ocrx_word' id='word_1_23' title='bbox 753 584 869 643; x_wconf 79' lang='lat' dir='ltr'><strong>Caesari</strong></span> <span class='ocrx_word' id='word_1_24' title='bbox 893 602 911 641; x_wconf 99' lang='lat' dir='ltr'><strong>a</strong></span> <span class='ocrx_word' id='word_1_25' title='bbox 932 585 1108 663; x_wconf 85' lang='lat' dir='ltr'><strong>quibusdam</strong></span> <span class='ocrx_word' id='word_1_26' title='bbox 1133 586 1232 661; x_wconf 87' lang='lat' dir='ltr'><strong>parari</strong></span> 
     </span>
     <span class='ocr_line' id='line_1_5' title="bbox 157 683 1233 765; baseline -0.004 -16"><span class='ocrx_word' id='word_1_27' title='bbox 157 691 333 749; x_wconf 89' lang='lat' dir='ltr'><strong>dicebantur</strong></span> <span class='ocrx_word' id='word_1_28' title='bbox 354 683 405 765; x_wconf 64' lang='lat'><strong>(53</strong></span> <span class='ocrx_word' id='word_1_29' title='bbox 422 690 459 744; x_wconf 79' lang='lat'><strong>21</strong></span> <span class='ocrx_word' id='word_1_30' title='bbox 478 691 509 745; x_wconf 87' lang='lat' dir='ltr'><strong>et</strong></span> <span class='ocrx_word' id='word_1_31' title='bbox 524 687 578 764; x_wconf 79' lang='lat'><strong>22)</strong></span> <span class='ocrx_word' id='word_1_32' title='bbox 600 687 809 747; x_wconf 80' lang='lat' dir='ltr'><strong>transitum</strong></span> <span class='ocrx_word' id='word_1_33' title='bbox 832 687 919 747; x_wconf 88' lang='lat' dir='ltr'><strong>modo</strong></span> <span class='ocrx_word' id='word_1_34' title='bbox 939 687 1058 748; x_wconf 86' lang='lat' dir='ltr'><strong>efficere</strong></span> <span class='ocrx_word' id='word_1_35' title='bbox 1079 688 1117 746; x_wconf 87' lang='lat' dir='ltr'><strong>ab</strong></span> <span class='ocrx_word' id='word_1_36' title='bbox 1139 687 1233 748; x_wconf 88' lang='lat' dir='ltr'><strong>altera</strong></span> 
     </span>
     <span class='ocr_line' id='line_1_6' title="bbox 156 789 1230 867; baseline -0.003 -16"><span class='ocrx_word' id='word_1_37' title='bbox 156 794 193 851; x_wconf 90' lang='lat' dir='ltr'><strong>ad</strong></span> <span class='ocrx_word' id='word_1_38' title='bbox 215 792 337 852; x_wconf 86' lang='lat' dir='ltr'><strong>alteram</strong></span> <span class='ocrx_word' id='word_1_39' title='bbox 359 797 491 867; x_wconf 88' lang='lat' dir='ltr'><strong>partem,</strong></span> <span class='ocrx_word' id='word_1_40' title='bbox 513 792 544 849; x_wconf 91' lang='lat' dir='ltr'><strong>et</strong></span> <span class='ocrx_word' id='word_1_41' title='bbox 565 789 719 866; x_wconf 90' lang='lat' dir='ltr'><strong>proprium</strong></span> <span class='ocrx_word' id='word_1_42' title='bbox 741 791 888 849; x_wconf 87' lang='lat' dir='ltr'><strong>secundae</strong></span> <span class='ocrx_word' id='word_1_43' title='bbox 910 791 1004 866; x_wconf 86' lang='lat' dir='ltr'><strong>partis</strong></span> <span class='ocrx_word' id='word_1_44' title='bbox 1025 794 1230 865; x_wconf 79' lang='lat' dir='ltr'><strong>argumentum</strong></span> 
     </span>
     <span class='ocr_line' id='line_1_7' title="bbox 157 889 1234 977; baseline -0.006 -22"><span class='ocrx_word' id='word_1_45' title='bbox 157 916 218 955; x_wconf 93' lang='lat' dir='ltr'><strong>non</strong></span> <span class='ocrx_word' id='word_1_46' title='bbox 239 899 300 954; x_wconf 85' lang='lat' dir='ltr'><strong>tum</strong></span> <span class='ocrx_word' id='word_1_47' title='bbox 315 891 462 977; x_wconf 79' lang='lat' dir='ltr'><strong>contineri</strong></span> <span class='ocrx_word' id='word_1_48' title='bbox 483 889 530 951; x_wconf 89' lang='lat' dir='ltr'><strong>his</strong></span> <span class='ocrx_word' id='word_1_49' title='bbox 546 891 647 952; x_wconf 84' lang='lat' dir='ltr'><strong>verbis</strong></span> <span class='ocrx_word' id='word_1_50' title='bbox 669 911 758 963; x_wconf 81' lang='lat' dir='ltr'><strong>,nanc</strong></span> <span class='ocrx_word' id='word_1_51' title='bbox 780 894 862 951; x_wconf 84' lang='lat' dir='ltr'><strong>vear&#39;o</strong></span> <span class='ocrx_word' id='word_1_52' title='bbox 883 893 923 950; x_wconf 81' lang='lat' dir='ltr'><strong>ori</strong></span> <span class='ocrx_word' id='word_1_53' title='bbox 939 895 1144 969; x_wconf 80' lang='lat' dir='ltr'><strong>grauissimam</strong></span> <span class='ocrx_word' id='word_1_54' title='bbox 1165 911 1234 970; x_wconf 82' lang='lat' dir='ltr'><strong>que-</strong></span> 
     </span>
     <span class='ocr_line' id='line_1_8' title="bbox 157 993 1233 1075; baseline -0.006 -18"><span class='ocrx_word' id='word_1_55' title='bbox 157 999 257 1058; x_wconf 83' lang='lat' dir='ltr'><strong>rellam</strong></span> <span class='ocrx_word' id='word_1_56' title='bbox 281 1001 377 1075; x_wconf 88' lang='lat' dir='ltr'><strong>e.q.s.‘</strong></span> <span class='ocrx_word' id='word_1_57' title='bbox 410 1012 497 1074; x_wconf 90' lang='lat' dir='ltr'><strong>quam</strong></span> <span class='ocrx_word' id='word_1_58' title='bbox 519 993 582 1054; x_wconf 90' lang='lat' dir='ltr'><strong>bis:</strong></span> <span class='ocrx_word' id='word_1_59' title='bbox 611 996 725 1064; x_wconf 80' lang='lat' dir='ltr'><strong>,Omnia</strong></span> <span class='ocrx_word' id='word_1_60' title='bbox 746 1004 814 1054; x_wconf 78' lang='lat' dir='ltr'><strong>suut</strong></span> <span class='ocrx_word' id='word_1_61' title='bbox 835 996 989 1054; x_wconf 80' lang='lat' dir='ltr'><strong>eoroitondu</strong></span> <span class='ocrx_word' id='word_1_62' title='bbox 1012 995 1080 1066; x_wconf 77' lang='lat' dir='ltr'><strong>tibi,</strong></span> <span class='ocrx_word' id='word_1_63' title='bbox 1108 997 1140 1052; x_wconf 86' lang='lat' dir='ltr'><strong>C.</strong></span> <span class='ocrx_word' id='word_1_64' title='bbox 1164 994 1233 1052; x_wconf 80' lang='lat' dir='ltr'><strong>Coe-</strong></span> 
     </span>
     <span class='ocr_line' id='line_1_9' title="bbox 156 1095 1238 1176; baseline -0.004 -16"><span class='ocrx_word' id='word_1_65' title='bbox 156 1121 224 1171; x_wconf 83' lang='lat' dir='ltr'><strong>sur,</strong></span> <span class='ocrx_word' id='word_1_66' title='bbox 257 1101 323 1169; x_wconf 84' lang='lat' dir='ltr'><strong>uni,</strong></span> <span class='ocrx_word' id='word_1_67' title='bbox 355 1116 428 1176; x_wconf 84' lang='lat' dir='ltr'><strong>quoe</strong></span> <span class='ocrx_word' id='word_1_68' title='bbox 449 1099 544 1154; x_wconf 71' lang='lat' dir='ltr'><strong>zoom</strong></span> <span class='ocrx_word' id='word_1_69' title='bbox 564 1099 652 1155; x_wconf 83' lang='lat' dir='ltr'><strong>sentr&#39;s</strong></span> <span class='ocrx_word' id='word_1_70' title='bbox 674 1095 745 1155; x_wconf 82' lang='lat' dir='ltr'><strong>belli</strong></span> <span class='ocrx_word' id='word_1_71' title='bbox 763 1099 852 1174; x_wconf 68' lang='lat' dir='ltr'><strong>ipsius</strong></span> <span class='ocrx_word' id='word_1_72' title='bbox 873 1099 1001 1174; x_wconf 70' lang='lat' dir='ltr'><strong>impetu,</strong></span> <span class='ocrx_word' id='word_1_73' title='bbox 1026 1097 1103 1175; x_wconf 72' lang='lat' dir='ltr'><strong>quod</strong></span> <span class='ocrx_word' id='word_1_74' title='bbox 1122 1115 1238 1156; x_wconf 68' lang='lat' dir='ltr'><strong>moene</strong></span> 
     </span>
     <span class='ocr_line' id='line_1_10' title="bbox 149 1199 1233 1284; baseline -0.004 -22"><span class='ocrx_word' id='word_1_75' title='bbox 149 1203 224 1284; x_wconf 69' lang='lat' dir='ltr'><strong>ficit,</strong></span> <span class='ocrx_word' id='word_1_76' title='bbox 245 1202 383 1278; x_wconf 79' lang='lat' dir='ltr'><strong>perculsu</strong></span> <span class='ocrx_word' id='word_1_77' title='bbox 405 1208 489 1277; x_wconf 80' lang='lat' dir='ltr'><strong>utque</strong></span> <span class='ocrx_word' id='word_1_78' title='bbox 508 1208 679 1274; x_wconf 78' lang='lat' dir='ltr'><strong>prostrata.-</strong></span> <span class='ocrx_word' id='word_1_79' title='bbox 702 1200 901 1259; x_wconf 78' lang='lat' dir='ltr'><strong>emtituendu</strong></span> <span class='ocrx_word' id='word_1_80' title='bbox 923 1199 1045 1273; x_wconf 76' lang='lat' dir='ltr'><strong>e‘udr‘cic,</strong></span> <span class='ocrx_word' id='word_1_81' title='bbox 1069 1201 1233 1260; x_wconf 79' lang='lat' dir='ltr'><strong>revocanda</strong></span> 
     </span>
     <span class='ocr_line' id='line_1_11' title="bbox 150 1300 1234 1384; baseline -0.002 -20"><span class='ocrx_word' id='word_1_82' title='bbox 150 1307 240 1384; x_wconf 80' lang='lat' dir='ltr'><strong>fides,</strong></span> <span class='ocrx_word' id='word_1_83' title='bbox 264 1301 492 1379; x_wconf 73' lang='lat' dir='ltr'><strong>comprs&#39;meadue</strong></span> <span class='ocrx_word' id='word_1_84' title='bbox 514 1300 658 1372; x_wconf 75' lang='lat' dir='ltr'><strong>lr&#39;lr&#39;rir‘aoe,</strong></span> <span class='ocrx_word' id='word_1_85' title='bbox 679 1303 871 1379; x_wconf 76' lang='lat' dir='ltr'><strong>propagando</strong></span> <span class='ocrx_word' id='word_1_86' title='bbox 893 1302 1017 1374; x_wconf 67' lang='lat' dir='ltr'><strong>crudoles,</strong></span> <span class='ocrx_word' id='word_1_87' title='bbox 1043 1305 1139 1362; x_wconf 77' lang='lat' dir='ltr'><strong>ornarit</strong></span> <span class='ocrx_word' id='word_1_88' title='bbox 1160 1322 1234 1380; x_wconf 80' lang='lat' dir='ltr'><strong>quoe</strong></span> 
     </span>
     <span class='ocr_line' id='line_1_12' title="bbox 157 1402 1231 1485; baseline -0.003 -18"><span class='ocrx_word' id='word_1_89' title='bbox 157 1409 269 1485; x_wconf 80' lang='lat' dir='ltr'><strong>dilapsu</strong></span> <span class='ocrx_word' id='word_1_90' title='bbox 298 1407 353 1463; x_wconf 78' lang='lat' dir='ltr'><strong>iura</strong></span> <span class='ocrx_word' id='word_1_91' title='bbox 383 1402 577 1484; x_wconf 68' lang='lat' dir='ltr'><strong>diffluxerunt</strong></span> <span class='ocrx_word' id='word_1_92' title='bbox 603 1407 710 1463; x_wconf 81' lang='lat' dir='ltr'><strong>secem&#39;s</strong></span> <span class='ocrx_word' id='word_1_93' title='bbox 740 1404 852 1482; x_wconf 81' lang='lat' dir='ltr'><strong>legibus</strong></span> <span class='ocrx_word' id='word_1_94' title='bbox 880 1406 1027 1465; x_wconf 65' lang='lat' dir='ltr'><strong>emerendo</strong></span> <span class='ocrx_word' id='word_1_95' title='bbox 1054 1404 1231 1482; x_wconf 76' lang='lat' dir='ltr'><strong>saut¹⁴⁶).‘</strong></span> 
     </span>
     <span class='ocr_line' id='line_1_13' title="bbox 157 1506 1232 1588; baseline -0.004 -19"><span class='ocrx_word' id='word_1_96' title='bbox 157 1511 217 1570; x_wconf 81' lang='lat' dir='ltr'><strong>Sed</strong></span> <span class='ocrx_word' id='word_1_97' title='bbox 239 1527 277 1568; x_wconf 87' lang='lat' dir='ltr'><strong>ne</strong></span> <span class='ocrx_word' id='word_1_98' title='bbox 299 1506 367 1588; x_wconf 89' lang='lat' dir='ltr'><strong>quis</strong></span> <span class='ocrx_word' id='word_1_99' title='bbox 388 1506 461 1565; x_wconf 92' lang='lat' dir='ltr'><strong>mihi</strong></span> <span class='ocrx_word' id='word_1_100' title='bbox 485 1511 619 1568; x_wconf 87' lang='lat' dir='ltr'><strong>occurrat</strong></span> <span class='ocrx_word' id='word_1_101' title='bbox 639 1507 843 1583; x_wconf 90' lang='lat' dir='ltr'><strong>interrogans,</strong></span> <span class='ocrx_word' id='word_1_102' title='bbox 866 1527 995 1588; x_wconf 91' lang='lat' dir='ltr'><strong>quonam</strong></span> <span class='ocrx_word' id='word_1_103' title='bbox 1017 1507 1104 1567; x_wconf 88' lang='lat' dir='ltr'><strong>modo</strong></span> <span class='ocrx_word' id='word_1_104' title='bbox 1126 1527 1232 1584; x_wconf 88' lang='lat' dir='ltr'><strong>geren·</strong></span> 
     </span>
     <span class='ocr_line' id='line_1_14' title="bbox 158 1609 1231 1688; baseline -0.004 -15"><span class='ocrx_word' id='word_1_105' title='bbox 158 1614 260 1673; x_wconf 87' lang='lat' dir='ltr'><strong>darum</strong></span> <span class='ocrx_word' id='word_1_106' title='bbox 281 1631 379 1672; x_wconf 88' lang='lat' dir='ltr'><strong>rerum</strong></span> <span class='ocrx_word' id='word_1_107' title='bbox 402 1609 515 1669; x_wconf 87' lang='lat' dir='ltr'><strong>mentio</strong></span> <span class='ocrx_word' id='word_1_108' title='bbox 538 1610 574 1668; x_wconf 86' lang='lat' dir='ltr'><strong>ad</strong></span> <span class='ocrx_word' id='word_1_109' title='bbox 596 1609 713 1668; x_wconf 88' lang='lat' dir='ltr'><strong>laudem</strong></span> <span class='ocrx_word' id='word_1_110' title='bbox 743 1629 831 1688; x_wconf 91' lang='lat' dir='ltr'><strong>posse</strong></span> <span class='ocrx_word' id='word_1_111' title='bbox 859 1616 1009 1688; x_wconf 73' lang='lat' dir='ltr'><strong>spontane,</strong></span> <span class='ocrx_word' id='word_1_112' title='bbox 1040 1616 1076 1673; x_wconf 90' lang='lat' dir='ltr'><strong>ut</strong></span> <span class='ocrx_word' id='word_1_113' title='bbox 1094 1611 1126 1670; x_wconf 91' lang='lat' dir='ltr'><strong>id</strong></span> <span class='ocrx_word' id='word_1_114' title='bbox 1148 1629 1231 1688; x_wconf 89' lang='lat' dir='ltr'><strong>prae·</strong></span> 
     </span>
     <span class='ocr_line' id='line_1_15' title="bbox 158 1711 1232 1794; baseline -0.004 -19"><span class='ocrx_word' id='word_1_115' title='bbox 158 1716 305 1775; x_wconf 89' lang='lat' dir='ltr'><strong>muniam:</strong></span> <span class='ocrx_word' id='word_1_116' title='bbox 329 1731 404 1793; x_wconf 89' lang='lat' dir='ltr'><strong>quae</strong></span> <span class='ocrx_word' id='word_1_117' title='bbox 426 1716 526 1789; x_wconf 90' lang='lat' dir='ltr'><strong>potest</strong></span> <span class='ocrx_word' id='word_1_118' title='bbox 548 1711 621 1787; x_wconf 87' lang='lat' dir='ltr'><strong>fingi</strong></span> <span class='ocrx_word' id='word_1_119' title='bbox 644 1711 738 1772; x_wconf 90' lang='lat' dir='ltr'><strong>maior</strong></span> <span class='ocrx_word' id='word_1_120' title='bbox 759 1712 832 1786; x_wconf 90' lang='lat' dir='ltr'><strong>laus,</strong></span> <span class='ocrx_word' id='word_1_121' title='bbox 854 1732 943 1792; x_wconf 91' lang='lat' dir='ltr'><strong>quam</strong></span> <span class='ocrx_word' id='word_1_122' title='bbox 959 1713 1039 1793; x_wconf 85' lang='lat' dir='ltr'><strong>quod</strong></span> <span class='ocrx_word' id='word_1_123' title='bbox 1060 1713 1158 1787; x_wconf 87' lang='lat' dir='ltr'><strong>unius,</strong></span> <span class='ocrx_word' id='word_1_124' title='bbox 1181 1713 1232 1794; x_wconf 89' lang='lat' dir='ltr'><strong>qui</strong></span> 
     </span>
     <span class='ocr_line' id='line_1_16' title="bbox 158 1813 1233 1892; baseline -0.001 -17"><span class='ocrx_word' id='word_1_125' title='bbox 158 1817 303 1890; x_wconf 87' lang='lat' dir='ltr'><strong>laudetur,</strong></span> <span class='ocrx_word' id='word_1_126' title='bbox 324 1813 479 1891; x_wconf 80' lang='lat' dir='ltr'><strong>ingenium</strong></span> <span class='ocrx_word' id='word_1_127' title='bbox 501 1833 535 1874; x_wconf 90' lang='lat' dir='ltr'><strong>ac</strong></span> <span class='ocrx_word' id='word_1_128' title='bbox 552 1814 688 1891; x_wconf 87' lang='lat' dir='ltr'><strong>potantia</strong></span> <span class='ocrx_word' id='word_1_129' title='bbox 702 1819 786 1874; x_wconf 87' lang='lat' dir='ltr'><strong>tanta</strong></span> <span class='ocrx_word' id='word_1_130' title='bbox 800 1815 995 1892; x_wconf 87' lang='lat' dir='ltr'><strong>praedicetur,</strong></span> <span class='ocrx_word' id='word_1_131' title='bbox 1018 1819 1053 1875; x_wconf 92' lang='lat' dir='ltr'><strong>ut</strong></span> <span class='ocrx_word' id='word_1_132' title='bbox 1066 1816 1233 1876; x_wconf 72' lang='lat' dir='ltr'><strong>futurarum</strong></span> 
     </span>
     <span class='ocr_line' id='line_1_17' title="bbox 159 1898 1234 1995; baseline -0.001 -17"><span class='ocrx_word' id='word_1_133' title='bbox 159 1939 258 1979; x_wconf 90' lang='lat' dir='ltr'><strong>rerum</strong></span> <span class='ocrx_word' id='word_1_134' title='bbox 281 1919 369 1978; x_wconf 87' lang='lat' dir='ltr'><strong>salus.</strong></span> <span class='ocrx_word' id='word_1_135' title='bbox 382 1918 415 1976; x_wconf 91' lang='lat' dir='ltr'><strong>in</strong></span> <span class='ocrx_word' id='word_1_136' title='bbox 436 1917 493 1976; x_wconf 87' lang='lat' dir='ltr'><strong>hoc</strong></span> <span class='ocrx_word' id='word_1_137' title='bbox 514 1935 575 1975; x_wconf 92' lang='lat' dir='ltr'><strong>uuo</strong></span> <span class='ocrx_word' id='word_1_138' title='bbox 599 1917 769 1990; x_wconf 80' lang='lat' dir='ltr'><strong>consistere,</strong></span> <span class='ocrx_word' id='word_1_139' title='bbox 792 1918 828 1977; x_wconf 90' lang='lat' dir='ltr'><strong>ab</strong></span> <span class='ocrx_word' id='word_1_140' title='bbox 850 1919 908 1978; x_wconf 94' lang='lat' dir='ltr'><strong>hoo</strong></span> <span class='ocrx_word' id='word_1_141' title='bbox 929 1898 993 1978; x_wconf 81' lang='lat' dir='ltr'><strong>uno¹</strong></span> <span class='ocrx_word' id='word_1_142' title='bbox 1013 1919 1182 1995; x_wconf 85' lang='lat' dir='ltr'><strong>exspectari</strong></span> <span class='ocrx_word' id='word_1_143' title='bbox 1203 1924 1234 1977; x_wconf 90' lang='lat' dir='ltr'><strong>et</strong></span> 
     </span>
     <span class='ocr_line' id='line_1_18' title="bbox 158 2018 1233 2101; baseline -0.001 -20"><span class='ocrx_word' id='word_1_144' title='bbox 158 2021 259 2081; x_wconf 83' lang='lat' dir='ltr'><strong>deberi</strong></span> <span class='ocrx_word' id='word_1_145' title='bbox 275 2025 306 2080; x_wconf 89' lang='lat' dir='ltr'><strong>et</strong></span> <span class='ocrx_word' id='word_1_146' title='bbox 319 2039 406 2098; x_wconf 90' lang='lat' dir='ltr'><strong>posse</strong></span> <span class='ocrx_word' id='word_1_147' title='bbox 421 2020 536 2080; x_wconf 87' lang='lat' dir='ltr'><strong>dicatur</strong></span> <span class='ocrx_word' id='word_1_148' title='bbox 548 2018 638 2097; x_wconf 67' lang='grc'><strong>146)1</strong></span> <span class='ocrx_word' id='word_1_149' title='bbox 682 2024 783 2101; x_wconf 79' lang='lat' dir='ltr'><strong>Atque</strong></span> <span class='ocrx_word' id='word_1_150' title='bbox 805 2020 889 2080; x_wconf 92' lang='lat' dir='ltr'><strong>illum</strong></span> <span class='ocrx_word' id='word_1_151' title='bbox 904 2040 993 2101; x_wconf 92' lang='lat' dir='ltr'><strong>quem</strong></span> <span class='ocrx_word' id='word_1_152' title='bbox 1016 2022 1103 2081; x_wconf 89' lang='lat' dir='ltr'><strong>modo</strong></span> <span class='ocrx_word' id='word_1_153' title='bbox 1119 2021 1233 2082; x_wconf 85' lang='lat' dir='ltr'><strong>detexi·</strong></span> 
     </span>
     <span class='ocr_line' id='line_1_19' title="bbox 157 2121 1233 2204; baseline -0.001 -21"><span class='ocrx_word' id='word_1_154' title='bbox 157 2145 237 2197; x_wconf 91' lang='lat' dir='ltr'><strong>mus,</strong></span> <span class='ocrx_word' id='word_1_155' title='bbox 268 2123 427 2184; x_wconf 82' lang='lat' dir='ltr'><strong>transitum</strong></span> <span class='ocrx_word' id='word_1_156' title='bbox 457 2121 648 2199; x_wconf 87' lang='lat' dir='ltr'><strong>elegantioris</strong></span> <span class='ocrx_word' id='word_1_157' title='bbox 679 2141 743 2182; x_wconf 90' lang='lat' dir='ltr'><strong>esse</strong></span> <span class='ocrx_word' id='word_1_158' title='bbox 772 2123 848 2184; x_wconf 85' lang='lat' dir='ltr'><strong>artie</strong></span> <span class='ocrx_word' id='word_1_159' title='bbox 878 2123 952 2183; x_wconf 91' lang='lat' dir='ltr'><strong>mihi</strong></span> <span class='ocrx_word' id='word_1_160' title='bbox 985 2124 1105 2204; x_wconf 90' lang='lat' dir='ltr'><strong>quidem</strong></span> <span class='ocrx_word' id='word_1_161' title='bbox 1136 2124 1233 2183; x_wconf 88' lang='lat' dir='ltr'><strong>habeo</strong></span> 
     </span>
    </p>
   </div>
   <div class='ocr_carea' id='block_1_3' title="bbox 134 2285 1236 4152">
    <p class='ocr_par' dir='ltr' id='par_1_3' title="bbox 134 2285 1236 4152">
     <span class='ocr_line' id='line_1_20' title="bbox 200 2285 1232 2360; baseline -0.005 -17"><span class='ocrx_word' id='word_1_162' title='bbox 200 2288 202 2294; x_wconf 66' lang='grc'>’</span> <span class='ocrx_word' id='word_1_163' title='bbox 229 2291 287 2360; x_wconf 78' lang='grc'><strong>1111)</strong></span> <span class='ocrx_word' id='word_1_164' title='bbox 307 2293 362 2353; x_wconf 76' lang='lat' dir='ltr'><strong>Quo</strong></span> <span class='ocrx_word' id='word_1_165' title='bbox 379 2306 425 2340; x_wconf 90' lang='lat' dir='ltr'><strong>uos</strong></span> <span class='ocrx_word' id='word_1_166' title='bbox 437 2291 687 2340; x_wconf 83' lang='lat' dir='ltr'><strong>Richter-Eberhardi</strong></span> <span class='ocrx_word' id='word_1_167' title='bbox 705 2292 827 2341; x_wconf 87' lang='lat' dir='ltr'><strong>sententia</strong></span> <span class='ocrx_word' id='word_1_168' title='bbox 844 2292 932 2354; x_wconf 77' lang='lat' dir='ltr'><strong>rapiat,</strong></span> <span class='ocrx_word' id='word_1_169' title='bbox 951 2295 1043 2355; x_wconf 87' lang='lat' dir='ltr'><strong>optime</strong></span> <span class='ocrx_word' id='word_1_170' title='bbox 1056 2285 1232 2352; x_wconf 73' lang='lat' dir='ltr'><strong>dimonetrsnt,</strong></span> 
     </span>
     <span class='ocr_line' id='line_1_21' title="bbox 159 2375 1234 2440; baseline -0.002 -13"><span class='ocrx_word' id='word_1_171' title='bbox 159 2394 222 2440; x_wconf 90' lang='lat' dir='ltr'><strong>quae</strong></span> <span class='ocrx_word' id='word_1_172' title='bbox 240 2379 271 2426; x_wconf 88' lang='lat' dir='ltr'><strong>ad</strong></span> <span class='ocrx_word' id='word_1_173' title='bbox 288 2379 385 2426; x_wconf 89' lang='lat' dir='ltr'><strong>initium</strong></span> <span class='ocrx_word' id='word_1_174' title='bbox 403 2391 457 2438; x_wconf 83' lang='lat' dir='ltr'><strong>cap.</strong></span> <span class='ocrx_word' id='word_1_175' title='bbox 470 2377 494 2423; x_wconf 84' lang='lat' dir='ltr'>X</span> <span class='ocrx_word' id='word_1_176' title='bbox 512 2377 629 2425; x_wconf 83' lang='lat' dir='ltr'><strong>adnotet:</strong></span> <span class='ocrx_word' id='word_1_177' title='bbox 647 2377 780 2437; x_wconf 76' lang='lat' dir='ltr'><strong>,Nachdem</strong></span> <span class='ocrx_word' id='word_1_178' title='bbox 798 2377 846 2426; x_wconf 73' lang='lat' dir='ltr'><strong>cic.</strong></span> <span class='ocrx_word' id='word_1_179' title='bbox 863 2378 1058 2439; x_wconf 77' lang='lat' dir='ltr'><strong>episodiecli</strong></span> <span class='ocrx_word' id='word_1_180' title='bbox 1080 2379 1126 2426; x_wconf 77' lang='lat' dir='ltr'><strong>deo</strong></span> <span class='ocrx_word' id='word_1_181' title='bbox 1142 2375 1234 2426; x_wconf 74' lang='lat' dir='ltr'><strong>Uocem</strong></span> 
     </span>
     <span class='ocr_line' id='line_1_22' title="bbox 158 2463 1235 2527; baseline -0.002 -14"><span class='ocrx_word' id='word_1_182' title='bbox 158 2482 191 2513; x_wconf 81' lang='lat' dir='ltr'><strong>aa</strong></span> <span class='ocrx_word' id='word_1_183' title='bbox 202 2466 265 2513; x_wconf 80' lang='lat' dir='ltr'><strong>seiae</strong></span> <span class='ocrx_word' id='word_1_184' title='bbox 276 2466 335 2512; x_wconf 76' lang='lat' dir='ltr'><strong>holte</strong></span> <span class='ocrx_word' id='word_1_185' title='bbox 344 2463 454 2523; x_wconf 67' lang='lat' dir='ltr'><strong>Aafpcbe</strong></span> <span class='ocrx_word' id='word_1_186' title='bbox 463 2464 573 2522; x_wconf 77' lang='lat' dir='ltr'><strong>pcmahnt</strong></span> <span class='ocrx_word' id='word_1_187' title='bbox 583 2464 632 2520; x_wconf 80' lang='lat' dir='ltr'><strong>iat,</strong></span> <span class='ocrx_word' id='word_1_188' title='bbox 644 2465 711 2510; x_wconf 73' lang='lat' dir='ltr'><strong>tetri</strong></span> <span class='ocrx_word' id='word_1_189' title='bbox 722 2479 748 2511; x_wconf 83' lang='lat' dir='ltr'><strong>er</strong></span> <span class='ocrx_word' id='word_1_190' title='bbox 758 2464 801 2510; x_wconf 77' lang='lat' dir='ltr'><strong>sori</strong></span> <span class='ocrx_word' id='word_1_191' title='bbox 812 2464 887 2512; x_wconf 67' lang='lat' dir='ltr'><strong>emam</strong></span> <span class='ocrx_word' id='word_1_192' title='bbox 895 2463 1024 2512; x_wconf 68' lang='lat' dir='ltr'><strong>metuere</strong></span> <span class='ocrx_word' id='word_1_193' title='bbox 1036 2465 1086 2527; x_wconf 60' lang='lat' dir='ltr'><strong>arg*</strong></span> <span class='ocrx_word' id='word_1_194' title='bbox 1091 2464 1235 2526; x_wconf 53' lang='lat' dir='ltr'><strong>dejurasse</strong></span> 
     </span>
     <span class='ocr_line' id='line_1_23' title="bbox 164 2547 1234 2612; baseline 0 -14"><span class='ocrx_word' id='word_1_195' title='bbox 164 2549 350 2612; x_wconf 71' lang='lat' dir='ltr'><strong>Vergunoenlseit</strong></span> <span class='ocrx_word' id='word_1_196' title='bbox 367 2564 397 2596; x_wconf 78' lang='lat' dir='ltr'><strong>eu</strong></span> <span class='ocrx_word' id='word_1_197' title='bbox 414 2549 466 2596; x_wconf 77' lang='lat' dir='ltr'><strong>dem</strong></span> <span class='ocrx_word' id='word_1_198' title='bbox 477 2549 639 2609; x_wconf 71' lang='lat' dir='ltr'><strong>Haaputrma</strong></span> <span class='ocrx_word' id='word_1_199' title='bbox 656 2549 732 2596; x_wconf 62' lang='lat' dir='ltr'><strong>datrae</strong></span> <span class='ocrx_word' id='word_1_200' title='bbox 752 2547 833 2596; x_wconf 67' lang='lat' dir='ltr'><strong>Tueris</strong></span> <span class='ocrx_word' id='word_1_201' title='bbox 849 2551 955 2598; x_wconf 56' lang='lat' dir='ltr'><strong>metet!</strong></span> <span class='ocrx_word' id='word_1_202' title='bbox 989 2552 1024 2599; x_wconf 80' lang='lat' dir='ltr'><strong>lit</strong></span> <span class='ocrx_word' id='word_1_203' title='bbox 1035 2552 1079 2599; x_wconf 88' lang='lat' dir='ltr'><strong>ille</strong></span> <span class='ocrx_word' id='word_1_204' title='bbox 1090 2564 1165 2612; x_wconf 80' lang='lat' dir='ltr'><strong>quem</strong></span> <span class='ocrx_word' id='word_1_205' title='bbox 1175 2550 1234 2598; x_wconf 89' lang='lat' dir='ltr'><strong>dicit</strong></span> 
     </span>
     <span class='ocr_line' id='line_1_24' title="bbox 159 2635 1234 2698; baseline -0.004 -10"><span class='ocrx_word' id='word_1_206' title='bbox 159 2653 276 2688; x_wconf 83' lang='lat' dir='ltr'><strong>excursus</strong></span> <span class='ocrx_word' id='word_1_207' title='bbox 293 2641 388 2698; x_wconf 88' lang='lat' dir='ltr'><strong>septem</strong></span> <span class='ocrx_word' id='word_1_208' title='bbox 405 2635 575 2697; x_wconf 80' lang='lat' dir='ltr'><strong>paragraphus</strong></span> <span class='ocrx_word' id='word_1_209' title='bbox 592 2635 692 2696; x_wconf 83' lang='lat' dir='ltr'><strong>explet,</strong></span> <span class='ocrx_word' id='word_1_210' title='bbox 709 2637 839 2698; x_wconf 87' lang='lat' dir='ltr'><strong>proprium</strong></span> <span class='ocrx_word' id='word_1_211' title='bbox 856 2637 922 2698; x_wconf 86' lang='lat' dir='ltr'><strong>quod</strong></span> <span class='ocrx_word' id='word_1_212' title='bbox 939 2638 994 2685; x_wconf 85' lang='lat' dir='ltr'><strong>vult</strong></span> <span class='ocrx_word' id='word_1_213' title='bbox 1009 2637 1083 2687; x_wconf 80' lang='lat' dir='ltr'><strong>huius</strong></span> <span class='ocrx_word' id='word_1_214' title='bbox 1100 2637 1179 2698; x_wconf 82' lang='lat' dir='ltr'><strong>partie</strong></span> <span class='ocrx_word' id='word_1_215' title='bbox 1195 2649 1234 2684; x_wconf 80' lang='lat' dir='ltr'><strong>ar·</strong></span> 
     </span>
     <span class='ocr_line' id='line_1_25' title="bbox 159 2721 1235 2786; baseline -0.003 -14"><span class='ocrx_word' id='word_1_216' title='bbox 159 2728 302 2786; x_wconf 85' lang='lat' dir='ltr'><strong>gumerium</strong></span> <span class='ocrx_word' id='word_1_217' title='bbox 314 2727 427 2781; x_wconf 85' lang='lat' dir='ltr'><strong>quattuor</strong></span> <span class='ocrx_word' id='word_1_218' title='bbox 445 2726 541 2768; x_wconf 88' lang='lat' dir='ltr'><strong>tautum</strong></span> <span class='ocrx_word' id='word_1_219' title='bbox 552 2721 690 2769; x_wconf 80' lang='lat' dir='ltr'><strong>continetur</strong></span> <span class='ocrx_word' id='word_1_220' title='bbox 702 2723 872 2784; x_wconf 81' lang='lat' dir='ltr'><strong>paragraphis.</strong></span> <span class='ocrx_word' id='word_1_221' title='bbox 910 2723 1039 2784; x_wconf 75' lang='lat' dir='ltr'><strong>Quomodo</strong></span> <span class='ocrx_word' id='word_1_222' title='bbox 1050 2722 1076 2772; x_wconf 91' lang='lat' dir='ltr'><strong>id</strong></span> <span class='ocrx_word' id='word_1_223' title='bbox 1088 2726 1235 2782; x_wconf 80' lang='lat' dir='ltr'><strong>congrueret</strong></span> 
     </span>
     <span class='ocr_line' id='line_1_26' title="bbox 158 2806 1233 2871; baseline -0.001 -13"><span class='ocrx_word' id='word_1_224' title='bbox 158 2811 215 2870; x_wconf 91' lang='lat' dir='ltr'><strong>illis,</strong></span> <span class='ocrx_word' id='word_1_225' title='bbox 234 2824 297 2869; x_wconf 84' lang='lat' dir='ltr'><strong>quae</strong></span> <span class='ocrx_word' id='word_1_226' title='bbox 309 2807 395 2867; x_wconf 78' lang='lat' dir='ltr'><strong>Quint.</strong></span> <span class='ocrx_word' id='word_1_227' title='bbox 407 2808 450 2865; x_wconf 89' lang='lat' dir='ltr'><strong>IV,</strong></span> <span class='ocrx_word' id='word_1_228' title='bbox 464 2808 487 2865; x_wconf 79' lang='lat' dir='ltr'><strong>i,</strong></span> <span class='ocrx_word' id='word_1_229' title='bbox 502 2809 532 2856; x_wconf 81' lang='lat' dir='ltr'><strong>li</strong></span> <span class='ocrx_word' id='word_1_230' title='bbox 552 2806 582 2854; x_wconf 89' lang='lat' dir='ltr'><strong>de</strong></span> <span class='ocrx_word' id='word_1_231' title='bbox 595 2807 736 2867; x_wconf 85' lang='lat' dir='ltr'><strong>egressione</strong></span> <span class='ocrx_word' id='word_1_232' title='bbox 753 2808 888 2871; x_wconf 85' lang='lat' dir='ltr'><strong>preacipit:</strong></span> <span class='ocrx_word' id='word_1_233' title='bbox 906 2810 940 2856; x_wconf 80' lang='lat' dir='ltr'><strong>At</strong></span> <span class='ocrx_word' id='word_1_234' title='bbox 956 2809 999 2869; x_wconf 74' lang='lat' dir='ltr'><strong>qne*</strong></span> <span class='ocrx_word' id='word_1_235' title='bbox 1015 2823 1044 2855; x_wconf 81' lang='lat' dir='ltr'><strong>err</strong></span> <span class='ocrx_word' id='word_1_236' title='bbox 1061 2809 1140 2857; x_wconf 70' lang='lat' dir='ltr'><strong>madro</strong></span> <span class='ocrx_word' id='word_1_237' title='bbox 1157 2823 1233 2856; x_wconf 75' lang='lat' dir='ltr'><strong>emm-</strong></span> 
     </span>
     <span class='ocr_line' id='line_1_27' title="bbox 154 2882 1233 2956; baseline -0.001 -14"><span class='ocrx_word' id='word_1_238' title='bbox 154 2897 207 2956; x_wconf 77' lang='lat' dir='ltr'><strong>pr&#39;t,</strong></span> <span class='ocrx_word' id='word_1_239' title='bbox 233 2895 279 2942; x_wconf 84' lang='lat' dir='ltr'><strong>oito</strong></span> <span class='ocrx_word' id='word_1_240' title='bbox 296 2895 332 2941; x_wconf 81' lang='lat' dir='ltr'><strong>ud</strong></span> <span class='ocrx_word' id='word_1_241' title='bbox 346 2893 375 2941; x_wconf 72' lang='lat' dir='ltr'><strong>iri</strong></span> <span class='ocrx_word' id='word_1_242' title='bbox 391 2892 469 2940; x_wconf 78' lang='lat' dir='ltr'><strong>redire</strong></span> <span class='ocrx_word' id='word_1_243' title='bbox 486 2891 563 2950; x_wconf 72' lang='lat' dir='ltr'><strong>mie,</strong></span> <span class='ocrx_word' id='word_1_244' title='bbox 588 2892 650 2940; x_wconf 58' lang='lat' dir='ltr'><strong>unm</strong></span> <span class='ocrx_word' id='word_1_245' title='bbox 668 2882 785 2940; x_wconf 59' lang='lat' dir='ltr'><strong>&amp;nertii</strong></span> <span class='ocrx_word' id='word_1_246' title='bbox 819 2894 891 2954; x_wconf 80' lang='lat' dir='ltr'><strong>Quod</strong></span> <span class='ocrx_word' id='word_1_247' title='bbox 917 2900 999 2943; x_wconf 80' lang='lat' dir='ltr'><strong>antem</strong></span> <span class='ocrx_word' id='word_1_248' title='bbox 1022 2909 1049 2943; x_wconf 88' lang='lat' dir='ltr'><strong>re</strong></span> <span class='ocrx_word' id='word_1_249' title='bbox 1065 2908 1127 2943; x_wconf 81' lang='lat' dir='ltr'><strong>vera</strong></span> <span class='ocrx_word' id='word_1_250' title='bbox 1150 2899 1233 2942; x_wconf 87' lang='lat' dir='ltr'><strong>orator</strong></span> 
     </span>
     <span class='ocr_line' id='line_1_28' title="bbox 158 2979 1233 3044; baseline -0.003 -14"><span class='ocrx_word' id='word_1_251' title='bbox 158 2983 247 3044; x_wconf 78' lang='lat' dir='ltr'><strong>capii</strong></span> <span class='ocrx_word' id='word_1_252' title='bbox 265 2980 339 3029; x_wconf 82' lang='lat' dir='ltr'><strong>adid</strong></span> <span class='ocrx_word' id='word_1_253' title='bbox 356 2981 503 3039; x_wconf 79' lang='lat' dir='ltr'><strong>revertitur,</strong></span> <span class='ocrx_word' id='word_1_254' title='bbox 529 2981 594 3040; x_wconf 86' lang='lat' dir='ltr'><strong>quod</strong></span> <span class='ocrx_word' id='word_1_255' title='bbox 611 2993 664 3041; x_wconf 87' lang='lat' dir='ltr'><strong>cap.</strong></span> <span class='ocrx_word' id='word_1_256' title='bbox 678 2979 725 3026; x_wconf 85' lang='lat' dir='ltr'><strong>Vll</strong></span> <span class='ocrx_word' id='word_1_257' title='bbox 743 2979 859 3040; x_wconf 84' lang='lat' dir='ltr'><strong>protulit,</strong></span> <span class='ocrx_word' id='word_1_258' title='bbox 887 2993 919 3028; x_wconf 93' lang='lat' dir='ltr'><strong>ne</strong></span> <span class='ocrx_word' id='word_1_259' title='bbox 936 2980 962 3028; x_wconf 89' lang='lat' dir='ltr'><strong>id</strong></span> <span class='ocrx_word' id='word_1_260' title='bbox 979 2980 1065 3029; x_wconf 83' lang='lat' dir='ltr'><strong>credas</strong></span> <span class='ocrx_word' id='word_1_261' title='bbox 1083 2986 1169 3029; x_wconf 86' lang='lat' dir='ltr'><strong>contra</strong></span> <span class='ocrx_word' id='word_1_262' title='bbox 1186 2994 1233 3028; x_wconf 89' lang='lat' dir='ltr'><strong>nos</strong></span> 
     </span>
     <span class='ocr_line' id='line_1_29' title="bbox 158 3066 1235 3128; baseline -0.001 -14"><span class='ocrx_word' id='word_1_263' title='bbox 158 3081 277 3128; x_wconf 79' lang='lat' dir='ltr'><strong>pugnare,</strong></span> <span class='ocrx_word' id='word_1_264' title='bbox 297 3067 438 3114; x_wconf 87' lang='lat' dir='ltr'><strong>memineris</strong></span> <span class='ocrx_word' id='word_1_265' title='bbox 449 3067 535 3125; x_wconf 80' lang='lat' dir='ltr'><strong>velim,</strong></span> <span class='ocrx_word' id='word_1_266' title='bbox 553 3080 616 3125; x_wconf 83' lang='lat' dir='ltr'><strong>quse</strong></span> <span class='ocrx_word' id='word_1_267' title='bbox 628 3066 661 3114; x_wconf 90' lang='lat' dir='ltr'><strong>sit</strong></span> <span class='ocrx_word' id='word_1_268' title='bbox 672 3066 744 3113; x_wconf 86' lang='lat' dir='ltr'><strong>huius</strong></span> <span class='ocrx_word' id='word_1_269' title='bbox 756 3066 874 3114; x_wconf 84' lang='lat' dir='ltr'><strong>orationis</strong></span> <span class='ocrx_word' id='word_1_270' title='bbox 886 3066 1015 3114; x_wconf 78' lang='lat' dir='ltr'><strong>condicio:</strong></span> <span class='ocrx_word' id='word_1_271' title='bbox 1031 3067 1140 3126; x_wconf 79' lang='lat' dir='ltr'><strong>loquitur</strong></span> <span class='ocrx_word' id='word_1_272' title='bbox 1150 3071 1235 3114; x_wconf 82' lang='lat' dir='ltr'><strong>orator</strong></span> 
     </span>
     <span class='ocr_line' id='line_1_30' title="bbox 159 3150 1235 3214; baseline -0.001 -14"><span class='ocrx_word' id='word_1_273' title='bbox 159 3153 224 3214; x_wconf 82' lang='lat' dir='ltr'><strong>apud</strong></span> <span class='ocrx_word' id='word_1_274' title='bbox 243 3166 327 3200; x_wconf 88' lang='lat' dir='ltr'><strong>omnes</strong></span> <span class='ocrx_word' id='word_1_275' title='bbox 345 3158 480 3212; x_wconf 86' lang='lat' dir='ltr'><strong>senatores,</strong></span> <span class='ocrx_word' id='word_1_276' title='bbox 497 3152 542 3199; x_wconf 84' lang='lat' dir='ltr'><strong>sed</strong></span> <span class='ocrx_word' id='word_1_277' title='bbox 559 3152 694 3211; x_wconf 89' lang='lat' dir='ltr'><strong>alloquitur</strong></span> <span class='ocrx_word' id='word_1_278' title='bbox 711 3165 794 3201; x_wconf 89' lang='lat' dir='ltr'><strong>unum.</strong></span> <span class='ocrx_word' id='word_1_279' title='bbox 828 3150 879 3212; x_wconf 79' lang='lat' dir='ltr'><strong>Qui</strong></span> <span class='ocrx_word' id='word_1_280' title='bbox 891 3156 973 3201; x_wconf 85' lang='lat' dir='ltr'><strong>autem</strong></span> <span class='ocrx_word' id='word_1_281' title='bbox 986 3152 1096 3211; x_wconf 79' lang='lat' dir='ltr'><strong>ederent,</strong></span> <span class='ocrx_word' id='word_1_282' title='bbox 1113 3152 1235 3200; x_wconf 83' lang='lat' dir='ltr'><strong>intereos</strong></span> 
     </span>
     <span class='ocr_line' id='line_1_31' title="bbox 159 3235 1234 3299; baseline -0.004 -13"><span class='ocrx_word' id='word_1_283' title='bbox 159 3254 209 3286; x_wconf 92' lang='lat' dir='ltr'><strong>non</strong></span> <span class='ocrx_word' id='word_1_284' title='bbox 226 3237 388 3286; x_wconf 82' lang='lat' dir='ltr'><strong>dubitandum</strong></span> <span class='ocrx_word' id='word_1_285' title='bbox 406 3243 458 3297; x_wconf 86' lang='lat' dir='ltr'><strong>ast,</strong></span> <span class='ocrx_word' id='word_1_286' title='bbox 485 3237 544 3296; x_wconf 84' lang='lat' dir='ltr'><strong>quin</strong></span> <span class='ocrx_word' id='word_1_287' title='bbox 562 3235 668 3296; x_wconf 83' lang='lat' dir='ltr'><strong>inerint,</strong></span> <span class='ocrx_word' id='word_1_288' title='bbox 692 3235 734 3296; x_wconf 89' lang='lat' dir='ltr'><strong>qui</strong></span> <span class='ocrx_word' id='word_1_289' title='bbox 751 3237 855 3299; x_wconf 81' lang='lat' dir='ltr'><strong>Pompei</strong></span> <span class='ocrx_word' id='word_1_290' title='bbox 879 3237 991 3299; x_wconf 84' lang='lat' dir='ltr'><strong>partibus</strong></span> <span class='ocrx_word' id='word_1_291' title='bbox 1009 3236 1150 3295; x_wconf 84' lang='lat' dir='ltr'><strong>studerent,</strong></span> <span class='ocrx_word' id='word_1_292' title='bbox 1168 3239 1234 3283; x_wconf 86' lang='lat' dir='ltr'><strong>certe</strong></span> 
     </span>
     <span class='ocr_line' id='line_1_32' title="bbox 160 3321 1234 3385; baseline -0.005 -13"><span class='ocrx_word' id='word_1_293' title='bbox 160 3325 202 3384; x_wconf 93' lang='lat' dir='ltr'><strong>qui</strong></span> <span class='ocrx_word' id='word_1_294' title='bbox 227 3324 313 3372; x_wconf 88' lang='lat' dir='ltr'><strong>eodem</strong></span> <span class='ocrx_word' id='word_1_295' title='bbox 338 3328 421 3373; x_wconf 89' lang='lat' dir='ltr'><strong>essent</strong></span> <span class='ocrx_word' id='word_1_296' title='bbox 445 3323 526 3370; x_wconf 90' lang='lat' dir='ltr'><strong>animo</strong></span> <span class='ocrx_word' id='word_1_297' title='bbox 551 3327 625 3382; x_wconf 81' lang='lat' dir='ltr'><strong>atque</strong></span> <span class='ocrx_word' id='word_1_298' title='bbox 649 3327 739 3370; x_wconf 90' lang='lat' dir='ltr'><strong>orator.</strong></span> <span class='ocrx_word' id='word_1_299' title='bbox 773 3322 814 3369; x_wconf 74' lang='lat' dir='ltr'><strong>Ad</strong></span> <span class='ocrx_word' id='word_1_300' title='bbox 832 3323 878 3372; x_wconf 87' lang='lat' dir='ltr'><strong>hos</strong></span> <span class='ocrx_word' id='word_1_301' title='bbox 894 3321 964 3369; x_wconf 89' lang='lat' dir='ltr'><strong>initio</strong></span> <span class='ocrx_word' id='word_1_302' title='bbox 982 3336 1035 3385; x_wconf 87' lang='lat' dir='ltr'><strong>cap.</strong></span> <span class='ocrx_word' id='word_1_303' title='bbox 1049 3321 1073 3368; x_wconf 86' lang='lat' dir='ltr'>X</span> <span class='ocrx_word' id='word_1_304' title='bbox 1094 3334 1234 3369; x_wconf 77' lang='lat' dir='ltr'><strong>samonem</strong></span> 
     </span>
     <span class='ocr_line' id='line_1_33' title="bbox 160 3405 1235 3469; baseline -0.002 -13"><span class='ocrx_word' id='word_1_305' title='bbox 160 3409 230 3469; x_wconf 86' lang='lat' dir='ltr'><strong>quasi</strong></span> <span class='ocrx_word' id='word_1_306' title='bbox 248 3409 339 3457; x_wconf 87' lang='lat' dir='ltr'><strong>avertit</strong></span> <span class='ocrx_word' id='word_1_307' title='bbox 363 3409 503 3458; x_wconf 74' lang='lat' dir='ltr'><strong>accesere</strong></span> <span class='ocrx_word' id='word_1_308' title='bbox 529 3409 632 3456; x_wconf 83' lang='lat' dir='ltr'><strong>hortans</strong></span> <span class='ocrx_word' id='word_1_309' title='bbox 649 3422 705 3467; x_wconf 92' lang='lat' dir='ltr'><strong>ece,</strong></span> <span class='ocrx_word' id='word_1_310' title='bbox 730 3422 786 3455; x_wconf 91' lang='lat' dir='ltr'><strong>cum</strong></span> <span class='ocrx_word' id='word_1_311' title='bbox 803 3409 880 3455; x_wconf 88' lang='lat' dir='ltr'><strong>semel</strong></span> <span class='ocrx_word' id='word_1_312' title='bbox 896 3405 1003 3454; x_wconf 85' lang='lat' dir='ltr'><strong>ostendit</strong></span> <span class='ocrx_word' id='word_1_313' title='bbox 1018 3406 1044 3453; x_wconf 93' lang='lat' dir='ltr'><strong>lu</strong></span> <span class='ocrx_word' id='word_1_314' title='bbox 1061 3421 1111 3454; x_wconf 87' lang='lat' dir='ltr'><strong>uno</strong></span> <span class='ocrx_word' id='word_1_315' title='bbox 1128 3407 1235 3456; x_wconf 76' lang='lat' dir='ltr'><strong>Cessare</strong></span> 
     </span>
     <span class='ocr_line' id='line_1_34' title="bbox 160 3491 1236 3556; baseline -0.001 -15"><span class='ocrx_word' id='word_1_316' title='bbox 160 3496 265 3556; x_wconf 86' lang='lat' dir='ltr'><strong>positam</strong></span> <span class='ocrx_word' id='word_1_317' title='bbox 281 3508 343 3542; x_wconf 54' lang='lat' dir='ltr'><strong>&lt;esse</strong></span> <span class='ocrx_word' id='word_1_318' title='bbox 361 3493 456 3554; x_wconf 84' lang='lat' dir='ltr'><strong>patriae</strong></span> <span class='ocrx_word' id='word_1_319' title='bbox 474 3494 595 3553; x_wconf 86' lang='lat' dir='ltr'><strong>salutem,</strong></span> <span class='ocrx_word' id='word_1_320' title='bbox 621 3499 648 3541; x_wconf 86' lang='lat' dir='ltr'><strong>ut</strong></span> <span class='ocrx_word' id='word_1_321' title='bbox 665 3493 726 3541; x_wconf 85' lang='lat' dir='ltr'><strong>victi</strong></span> <span class='ocrx_word' id='word_1_322' title='bbox 742 3492 845 3540; x_wconf 82' lang='lat' dir='ltr'><strong>viatoris</strong></span> <span class='ocrx_word' id='word_1_323' title='bbox 862 3491 984 3551; x_wconf 81' lang='lat' dir='ltr'><strong>aequitate</strong></span> <span class='ocrx_word' id='word_1_324' title='bbox 1001 3491 1104 3541; x_wconf 87' lang='lat' dir='ltr'><strong>abiectis</strong></span> <span class='ocrx_word' id='word_1_325' title='bbox 1121 3491 1236 3540; x_wconf 69' lang='lat' dir='ltr'><strong>ammius</strong></span> 
     </span>
     <span class='ocr_line' id='line_1_35' title="bbox 160 3577 1234 3639; baseline -0.002 -12"><span class='ocrx_word' id='word_1_326' title='bbox 160 3579 223 3627; x_wconf 88' lang='lat' dir='ltr'><strong>odiis</strong></span> <span class='ocrx_word' id='word_1_327' title='bbox 240 3580 390 3639; x_wconf 77' lang='lat' dir='ltr'><strong>insidiisque</strong></span> <span class='ocrx_word' id='word_1_328' title='bbox 416 3593 537 3639; x_wconf 87' lang='lat' dir='ltr'><strong>,omnes</strong></span> <span class='ocrx_word' id='word_1_329' title='bbox 560 3593 657 3627; x_wconf 84' lang='lat' dir='ltr'><strong>unum</strong></span> <span class='ocrx_word' id='word_1_330' title='bbox 674 3578 796 3627; x_wconf 80' lang='lat' dir='ltr'><strong>reliut‘</strong></span> <span class='ocrx_word' id='word_1_331' title='bbox 820 3577 836 3624; x_wconf 92' lang='grc'><strong>1.</strong></span> <span class='ocrx_word' id='word_1_332' title='bbox 848 3592 870 3626; x_wconf 92' lang='lat' dir='ltr'><strong>e.</strong></span> <span class='ocrx_word' id='word_1_333' title='bbox 889 3590 935 3638; x_wconf 86' lang='lat' dir='ltr'><strong>pro</strong></span> <span class='ocrx_word' id='word_1_334' title='bbox 952 3591 998 3624; x_wconf 83' lang='lat' dir='ltr'><strong>sua</strong></span> <span class='ocrx_word' id='word_1_335' title='bbox 1014 3582 1085 3638; x_wconf 83' lang='lat' dir='ltr'><strong>parte</strong></span> <span class='ocrx_word' id='word_1_336' title='bbox 1103 3579 1234 3627; x_wconf 82' lang='lat' dir='ltr'><strong>Gaesarem</strong></span> 
     </span>
     <span class='ocr_line' id='line_1_36' title="bbox 159 3663 1236 3724; baseline -0.002 -12"><span class='ocrx_word' id='word_1_337' title='bbox 159 3666 185 3712; x_wconf 92' lang='lat' dir='ltr'><strong>in</strong></span> <span class='ocrx_word' id='word_1_338' title='bbox 210 3678 284 3724; x_wconf 90' lang='lat' dir='ltr'><strong>opere</strong></span> <span class='ocrx_word' id='word_1_339' title='bbox 309 3664 455 3713; x_wconf 75' lang='lat' dir='ltr'><strong>difficillimo</strong></span> <span class='ocrx_word' id='word_1_340' title='bbox 477 3664 604 3713; x_wconf 85' lang='lat' dir='ltr'><strong>adiuvent.</strong></span> <span class='ocrx_word' id='word_1_341' title='bbox 638 3664 759 3712; x_wconf 79' lang='lat' dir='ltr'><strong>Horisius</strong></span> <span class='ocrx_word' id='word_1_342' title='bbox 778 3665 824 3712; x_wconf 81' lang='lat' dir='ltr'><strong>iios</strong></span> <span class='ocrx_word' id='word_1_343' title='bbox 840 3668 866 3712; x_wconf 86' lang='lat' dir='ltr'><strong>et</strong></span> <span class='ocrx_word' id='word_1_344' title='bbox 883 3663 952 3724; x_wconf 77' lang='lat' dir='ltr'><strong>qussi</strong></span> <span class='ocrx_word' id='word_1_345' title='bbox 969 3668 1055 3712; x_wconf 81' lang='lat' dir='ltr'><strong>nactus</strong></span> <span class='ocrx_word' id='word_1_346' title='bbox 1073 3678 1159 3712; x_wconf 83' lang='lat' dir='ltr'><strong>sorum</strong></span> <span class='ocrx_word' id='word_1_347' title='bbox 1175 3669 1236 3712; x_wconf 77' lang='lat' dir='ltr'><strong>rote</strong></span> 
     </span>
     <span class='ocr_line' id='line_1_37' title="bbox 160 3746 1235 3813; baseline -0.006 -13"><span class='ocrx_word' id='word_1_348' title='bbox 160 3753 175 3813; x_wconf 66' lang='lat'>5</span> <span class='ocrx_word' id='word_1_349' title='bbox 193 3752 225 3800; x_wconf 78' lang='grc'><strong>32</strong></span> <span class='ocrx_word' id='word_1_350' title='bbox 243 3749 304 3797; x_wconf 82' lang='lat' dir='ltr'><strong>haee</strong></span> <span class='ocrx_word' id='word_1_351' title='bbox 321 3750 396 3797; x_wconf 83' lang='lat' dir='ltr'><strong>refert</strong></span> <span class='ocrx_word' id='word_1_352' title='bbox 413 3750 444 3797; x_wconf 82' lang='lat' dir='ltr'><strong>ad</strong></span> <span class='ocrx_word' id='word_1_353' title='bbox 462 3749 594 3797; x_wconf 81' lang='lat' dir='ltr'><strong>Caesarem</strong></span> <span class='ocrx_word' id='word_1_354' title='bbox 611 3750 670 3808; x_wconf 80' lang='lat' dir='ltr'><strong>,nist</strong></span> <span class='ocrx_word' id='word_1_355' title='bbox 685 3756 718 3808; x_wconf 83' lang='lat' dir='ltr'><strong>ta,</strong></span> <span class='ocrx_word' id='word_1_356' title='bbox 737 3746 763 3798; x_wconf 87' lang='lat'><strong>0.</strong></span> <span class='ocrx_word' id='word_1_357' title='bbox 782 3748 881 3798; x_wconf 79' lang='lat' dir='ltr'><strong>Gaesar‘</strong></span> <span class='ocrx_word' id='word_1_358' title='bbox 900 3763 986 3810; x_wconf 85' lang='lat' dir='ltr'><strong>e.q.s.:</strong></span> <span class='ocrx_word' id='word_1_359' title='bbox 1007 3749 1097 3809; x_wconf 87' lang='lat' dir='ltr'><strong>quibus</strong></span> <span class='ocrx_word' id='word_1_360' title='bbox 1115 3750 1182 3798; x_wconf 81' lang='lat' dir='ltr'><strong>rotis</strong></span> <span class='ocrx_word' id='word_1_361' title='bbox 1198 3749 1235 3795; x_wconf 91' lang='lat' dir='ltr'><strong>ni·</strong></span> 
     </span>
     <span class='ocr_line' id='line_1_38' title="bbox 134 3833 1234 3896; baseline -0.005 -12"><span class='ocrx_word' id='word_1_362' title='bbox 134 3850 136 3854; x_wconf 58' lang='lat'><em>⁴</em></span> <span class='ocrx_word' id='word_1_363' title='bbox 160 3837 248 3884; x_wconf 90' lang='lat' dir='ltr'><strong>mirum</strong></span> <span class='ocrx_word' id='word_1_364' title='bbox 265 3834 291 3881; x_wconf 89' lang='lat' dir='ltr'><strong>id</strong></span> <span class='ocrx_word' id='word_1_365' title='bbox 308 3849 357 3881; x_wconf 90' lang='lat' dir='ltr'><strong>una</strong></span> <span class='ocrx_word' id='word_1_366' title='bbox 375 3834 547 3882; x_wconf 76' lang='lat' dir='ltr'><strong>continebatur</strong></span> <span class='ocrx_word' id='word_1_367' title='bbox 565 3848 651 3882; x_wconf 90' lang='lat' dir='ltr'><strong>omnes</strong></span> <span class='ocrx_word' id='word_1_368' title='bbox 669 3836 736 3884; x_wconf 80' lang='lat' dir='ltr'><strong>velle</strong></span> <span class='ocrx_word' id='word_1_369' title='bbox 754 3836 848 3896; x_wconf 84' lang='lat' dir='ltr'><strong>patriae</strong></span> <span class='ocrx_word' id='word_1_370' title='bbox 866 3836 1016 3884; x_wconf 89' lang='lat' dir='ltr'><strong>restitutoris</strong></span> <span class='ocrx_word' id='word_1_371' title='bbox 1034 3835 1102 3883; x_wconf 79' lang='lat' dir='ltr'><strong>vitae</strong></span> <span class='ocrx_word' id='word_1_372' title='bbox 1120 3840 1145 3884; x_wconf 89' lang='lat' dir='ltr'><strong>et</strong></span> <span class='ocrx_word' id='word_1_373' title='bbox 1161 3833 1234 3882; x_wconf 76' lang='lat' dir='ltr'><strong>selon</strong></span> 
     </span>
     <span class='ocr_line' id='line_1_39' title="bbox 161 3923 296 3969; baseline -0.007 0"><span class='ocrx_word' id='word_1_374' title='bbox 161 3923 296 3969; x_wconf 84' lang='lat' dir='ltr'><strong>consulere.</strong></span> 
     </span>
     <span class='ocr_line' id='line_1_40' title="bbox 231 4000 1233 4072; baseline -0.008 -16"><span class='ocrx_word' id='word_1_375' title='bbox 231 4005 291 4072; x_wconf 81' lang='lat' dir='ltr'><strong>uc)</strong></span> <span class='ocrx_word' id='word_1_376' title='bbox 307 4007 345 4054; x_wconf 78' lang='lat' dir='ltr'><strong>Ne</strong></span> <span class='ocrx_word' id='word_1_377' title='bbox 363 4005 418 4064; x_wconf 90' lang='lat' dir='ltr'><strong>quis</strong></span> <span class='ocrx_word' id='word_1_378' title='bbox 436 4019 482 4053; x_wconf 90' lang='lat' dir='ltr'><strong>nos</strong></span> <span class='ocrx_word' id='word_1_379' title='bbox 500 4005 586 4054; x_wconf 84' lang='lat' dir='ltr'><strong>eredat</strong></span> <span class='ocrx_word' id='word_1_380' title='bbox 602 4005 759 4055; x_wconf 84' lang='lat' dir='ltr'><strong>immemores</strong></span> <span class='ocrx_word' id='word_1_381' title='bbox 776 4021 831 4055; x_wconf 89' lang='lat' dir='ltr'><strong>esse</strong></span> <span class='ocrx_word' id='word_1_382' title='bbox 849 4021 934 4055; x_wconf 92' lang='lat' dir='ltr'><strong>eorum</strong></span> <span class='ocrx_word' id='word_1_383' title='bbox 952 4020 1015 4065; x_wconf 83' lang='lat' dir='ltr'><strong>quae</strong></span> <span class='ocrx_word' id='word_1_384' title='bbox 1032 4006 1089 4054; x_wconf 82' lang='lat' dir='ltr'><strong>adn.</strong></span> <span class='ocrx_word' id='word_1_385' title='bbox 1105 4004 1154 4052; x_wconf 77' lang='lat'><strong>144</strong></span> <span class='ocrx_word' id='word_1_386' title='bbox 1172 4000 1233 4049; x_wconf 84' lang='lat' dir='ltr'><strong>dixi·</strong></span> 
     </span>
     <span class='ocr_line' id='line_1_41' title="bbox 160 4090 966 4152; baseline -0.006 -7"><span class='ocrx_word' id='word_1_387' title='bbox 160 4107 228 4145; x_wconf 82' lang='lat' dir='ltr'><strong>mus:</strong></span> <span class='ocrx_word' id='word_1_388' title='bbox 245 4093 358 4143; x_wconf 82' lang='lat' dir='ltr'><strong>ridemur</strong></span> <span class='ocrx_word' id='word_1_389' title='bbox 375 4090 447 4141; x_wconf 86' lang='lat' dir='ltr'><strong>nobis</strong></span> <span class='ocrx_word' id='word_1_390' title='bbox 464 4106 515 4139; x_wconf 88' lang='lat' dir='ltr'><strong>non</strong></span> <span class='ocrx_word' id='word_1_391' title='bbox 533 4098 653 4152; x_wconf 69' lang='lat' dir='ltr'><strong>consum,</strong></span> <span class='ocrx_word' id='word_1_392' title='bbox 670 4092 716 4141; x_wconf 89' lang='lat' dir='ltr'><strong>sed</strong></span> <span class='ocrx_word' id='word_1_393' title='bbox 733 4093 846 4140; x_wconf 82' lang='lat' dir='ltr'><strong>ridemur</strong></span> <span class='ocrx_word' id='word_1_394' title='bbox 863 4096 966 4141; x_wconf 84' lang='lat' dir='ltr'><strong>tantum.</strong></span> 
     </span>
    </p>
   </div>
   <div class='ocr_carea' id='block_1_4' title="bbox 0 0 1385 4620">
    <p class='ocr_par' dir='ltr' id='par_1_4' title="bbox 0 0 1385 4620">
     <span class='ocr_line' id='line_1_42' title="bbox 0 0 1385 4620; baseline 0 0"><span class='ocrx_word' id='word_1_395' title='bbox 0 0 1385 4620; x_wconf 95' lang='lat' dir='ltr'><strong> </strong></span> 
     </span>
    </p>
   </div>
  </div>
 </body>
</html>
