<?xml version="1.0" encoding="UTF-8"?>
<!DOCTYPE html PUBLIC "-//W3C//DTD XHTML 1.0 Transitional//EN"
    "http://www.w3.org/TR/xhtml1/DTD/xhtml1-transitional.dtd">
<html xmlns="http://www.w3.org/1999/xhtml" xml:lang="en" lang="en">
 <head>
  <title>
</title>
<meta http-equiv="Content-Type" content="text/html;charset=utf-8" />
  <meta name='ocr-system' content='tesseract 3.04.00' />
  <meta name='ocr-capabilities' content='ocr_page ocr_carea ocr_par ocr_line ocrx_word'/>
</head>
<body>
  <div class='ocr_page' id='page_1' title='image "./deearumquaevoca00guttgoog_0029.png"; bbox 0 0 2752 4620; ppageno 0'>
   <div class='ocr_carea' id='block_1_1' title="bbox 591 214 805 281">
    <p class='ocr_par' dir='ltr' id='par_1_1' title="bbox 591 214 805 281">
     <span class='ocr_line' id='line_1_1' title="bbox 591 214 805 281; baseline -0.014 -18"><span class='ocrx_word' id='word_1_1' title='bbox 591 214 805 281; x_wconf 74' lang='lat'><strong>..13-</strong></span> 
     </span>
    </p>
   </div>
   <div class='ocr_carea' id='block_1_2' title="bbox 145 370 1226 944">
    <p class='ocr_par' dir='ltr' id='par_1_2' title="bbox 145 370 1226 944">
     <span class='ocr_line' id='line_1_2' title="bbox 233 370 1226 449; baseline 0.002 -21"><span class='ocrx_word' id='word_1_2' title='bbox 233 371 277 428; x_wconf 78' lang='lat' dir='ltr'>Aa</span> <span class='ocrx_word' id='word_1_3' title='bbox 299 371 336 428; x_wconf 87' lang='lat' dir='ltr'>de</span> <span class='ocrx_word' id='word_1_4' title='bbox 356 370 453 446; x_wconf 79' lang='lat' dir='ltr'>iuopia</span> <span class='ocrx_word' id='word_1_5' title='bbox 468 370 590 449; x_wconf 87' lang='lat' dir='ltr'>quidem</span> <span class='ocrx_word' id='word_1_6' title='bbox 610 371 670 428; x_wconf 86' lang='lat' dir='ltr'>iarn</span> <span class='ocrx_word' id='word_1_7' title='bbox 692 371 751 447; x_wconf 85' lang='lat' dir='ltr'>ipsi</span> <span class='ocrx_word' id='word_1_8' title='bbox 769 375 800 429; x_wconf 77' lang='lat' dir='ltr'>te</span> <span class='ocrx_word' id='word_1_9' title='bbox 816 371 966 430; x_wconf 80' lang='lat' dir='ltr'>donabunt</span> <span class='ocrx_word' id='word_1_10' title='bbox 979 371 1111 430; x_wconf 84' lang='lat' dir='ltr'>numeri:</span> <span class='ocrx_word' id='word_1_11' title='bbox 1134 391 1226 449; x_wconf 88' lang='lat' dir='ltr'>quare</span> 
     </span>
     <span class='ocr_line' id='line_1_3' title="bbox 145 472 1224 552; baseline -0.001 -21"><span class='ocrx_word' id='word_1_12' title='bbox 145 474 222 531; x_wconf 84' lang='lat' dir='ltr'>hune</span> <span class='ocrx_word' id='word_1_13' title='bbox 244 473 338 531; x_wconf 83' lang='grc'>601661</span> <span class='ocrx_word' id='word_1_14' title='bbox 360 472 508 545; x_wconf 81' lang='lat' dir='ltr'>tabulam,</span> <span class='ocrx_word' id='word_1_15' title='bbox 539 493 599 552; x_wconf 89' lang='lat' dir='ltr'>quo</span> <span class='ocrx_word' id='word_1_16' title='bbox 619 473 737 532; x_wconf 74' lang='grc'>16611166</span> <span class='ocrx_word' id='word_1_17' title='bbox 758 473 893 546; x_wconf 76' lang='lat' dir='ltr'>singulos</span> <span class='ocrx_word' id='word_1_18' title='bbox 915 493 1055 532; x_wconf 88' lang='lat' dir='ltr'>numeros</span> <span class='ocrx_word' id='word_1_19' title='bbox 1076 474 1109 531; x_wconf 92' lang='lat' dir='ltr'>in</span> <span class='ocrx_word' id='word_1_20' title='bbox 1132 493 1224 531; x_wconf 90' lang='lat' dir='ltr'>unum</span> 
     </span>
     <span class='ocr_line' id='line_1_4' title="bbox 145 575 1225 652; baseline 0 -19"><span class='ocrx_word' id='word_1_21' title='bbox 145 575 242 634; x_wconf 80' lang='lat' dir='ltr'>locum</span> <span class='ocrx_word' id='word_1_22' title='bbox 274 580 392 634; x_wconf 79' lang='grc'>6666166</span> <span class='ocrx_word' id='word_1_23' title='bbox 423 595 627 651; x_wconf 80' lang='lat' dir='ltr'>comparares:</span> <span class='ocrx_word' id='word_1_24' title='bbox 666 576 749 634; x_wconf 84' lang='lat' dir='ltr'>anius</span> <span class='ocrx_word' id='word_1_25' title='bbox 777 576 898 635; x_wconf 80' lang='lat' dir='ltr'>tabulas</span> <span class='ocrx_word' id='word_1_26' title='bbox 929 577 962 634; x_wconf 90' lang='lat' dir='ltr'>in</span> <span class='ocrx_word' id='word_1_27' title='bbox 993 577 1089 652; x_wconf 84' lang='lat' dir='ltr'>primo</span> <span class='ocrx_word' id='word_1_28' title='bbox 1121 576 1225 634; x_wconf 84' lang='lat' dir='ltr'>ordine</span> 
     </span>
     <span class='ocr_line' id='line_1_5' title="bbox 146 678 1224 756; baseline 0 -21"><span class='ocrx_word' id='word_1_29' title='bbox 146 678 401 754; x_wconf 82' lang='lat' dir='ltr'>paragraphomm</span> <span class='ocrx_word' id='word_1_30' title='bbox 423 679 554 751; x_wconf 81' lang='lat' dir='ltr'>numeri,</span> <span class='ocrx_word' id='word_1_31' title='bbox 576 679 608 736; x_wconf 93' lang='lat' dir='ltr'>in</span> <span class='ocrx_word' id='word_1_32' title='bbox 631 679 761 736; x_wconf 83' lang='lat' dir='ltr'>seeundo</span> <span class='ocrx_word' id='word_1_33' title='bbox 784 685 951 756; x_wconf 84' lang='lat' dir='ltr'>troporum,</span> <span class='ocrx_word' id='word_1_34' title='bbox 975 679 1007 737; x_wconf 92' lang='lat' dir='ltr'>in</span> <span class='ocrx_word' id='word_1_35' title='bbox 1029 679 1118 737; x_wconf 80' lang='lat' dir='ltr'>tertio</span> <span class='ocrx_word' id='word_1_36' title='bbox 1142 679 1224 735; x_wconf 90' lang='lat' dir='ltr'>deni-</span> 
     </span>
     <span class='ocr_line' id='line_1_6' title="bbox 146 781 1224 860; baseline -0.001 -21"><span class='ocrx_word' id='word_1_37' title='bbox 146 800 206 860; x_wconf 89' lang='lat' dir='ltr'>que</span> <span class='ocrx_word' id='word_1_38' title='bbox 227 782 389 840; x_wconf 84' lang='lat' dir='ltr'>eorundem</span> <span class='ocrx_word' id='word_1_39' title='bbox 411 782 528 840; x_wconf 89' lang='lat' dir='ltr'>numeri</span> <span class='ocrx_word' id='word_1_40' title='bbox 550 782 586 839; x_wconf 88' lang='lat' dir='ltr'>ad</span> <span class='ocrx_word' id='word_1_41' title='bbox 609 787 751 841; x_wconf 80' lang='lat' dir='ltr'>centenas</span> <span class='ocrx_word' id='word_1_42' title='bbox 772 783 976 858; x_wconf 80' lang='lat' dir='ltr'>paragraphus</span> <span class='ocrx_word' id='word_1_43' title='bbox 996 782 1084 840; x_wconf 80' lang='lat' dir='ltr'>relati</span> <span class='ocrx_word' id='word_1_44' title='bbox 1106 781 1224 856; x_wconf 79' lang='lat' dir='ltr'>conspi-</span> 
     </span>
     <span class='ocr_line' id='line_1_7' title="bbox 149 885 285 944; baseline -0.007 0"><span class='ocrx_word' id='word_1_45' title='bbox 149 885 285 944; x_wconf 75' lang='lat' dir='ltr'>ciuntur:</span> 
     </span>
    </p>
   </div>
   <div class='ocr_carea' id='block_1_3' title="bbox 511 984 1111 1069">
    <p class='ocr_par' dir='ltr' id='par_1_3' title="bbox 511 984 1111 1069">
     <span class='ocr_line' id='line_1_8' title="bbox 511 984 1111 1069; baseline -0.005 -5"><span class='ocrx_word' id='word_1_46' title='bbox 511 984 548 1064; x_wconf 80' lang='lat' dir='ltr'>ii</span> <span class='ocrx_word' id='word_1_47' title='bbox 665 991 906 1064; x_wconf 58' lang='lat' dir='ltr'>-numaos</span> <span class='ocrx_word' id='word_1_48' title='bbox 974 1022 1017 1031; x_wconf 92' lang='lat'><em>-</em></span> <span class='ocrx_word' id='word_1_49' title='bbox 1064 985 1111 1069; x_wconf 66' lang='lat'>⁰10</span> 
     </span>
    </p>
   </div>
   <div class='ocr_carea' id='block_1_4' title="bbox 50 1089 1231 4148">
    <p class='ocr_par' dir='ltr' id='par_1_4' title="bbox 187 1089 1182 3012">
     <span class='ocr_line' id='line_1_9' title="bbox 188 1089 1182 1167; baseline 0 -20"><span class='ocrx_word' id='word_1_50' title='bbox 188 1089 353 1167; x_wconf 51' lang='lat' dir='ltr'>pnigea:</span> <span class='ocrx_word' id='word_1_51' title='bbox 507 1095 547 1147; x_wconf 81' lang='lat' dir='ltr'>aa</span> <span class='ocrx_word' id='word_1_52' title='bbox 660 1122 702 1133; x_wconf 86' lang='lat'><em>-</em></span> <span class='ocrx_word' id='word_1_53' title='bbox 750 1089 869 1167; x_wconf 71' lang='lat'>1504)</span> <span class='ocrx_word' id='word_1_54' title='bbox 973 1125 1016 1133; x_wconf 98' lang='lat'>-</span> <span class='ocrx_word' id='word_1_55' title='bbox 1060 1090 1182 1166; x_wconf 80' lang='lat' dir='ltr'>aa(as)</span> 
     </span>
     <span class='ocr_line' id='line_1_10' title="bbox 187 1192 1102 1270; baseline -0.01 -20"><span class='ocrx_word' id='word_1_56' title='bbox 187 1213 217 1269; x_wconf 82' lang='lat' dir='ltr'>p.</span> <span class='ocrx_word' id='word_1_57' title='bbox 236 1192 353 1250; x_wconf 62' lang='lat' dir='ltr'>Deion:</span> <span class='ocrx_word' id='word_1_58' title='bbox 508 1196 548 1249; x_wconf 81' lang='lat'>45</span> <span class='ocrx_word' id='word_1_59' title='bbox 974 1225 1016 1236; x_wconf 90' lang='lat'>..</span> <span class='ocrx_word' id='word_1_60' title='bbox 1061 1199 1102 1270; x_wconf 65' lang='lat'>22</span> 
     </span>
     <span class='ocr_line' id='line_1_11' title="bbox 188 1293 1102 1370; baseline 0.002 -19"><span class='ocrx_word' id='word_1_61' title='bbox 188 1315 217 1370; x_wconf 85' lang='lat' dir='ltr'>p.</span> <span class='ocrx_word' id='word_1_62' title='bbox 235 1293 364 1351; x_wconf 80' lang='lat' dir='ltr'><strong>Milone:</strong></span> <span class='ocrx_word' id='word_1_63' title='bbox 491 1298 550 1353; x_wconf 83' lang='grc'>105</span> <span class='ocrx_word' id='word_1_64' title='bbox 975 1326 1017 1337; x_wconf 93' lang='grc'><strong>-</strong></span> <span class='ocrx_word' id='word_1_65' title='bbox 1041 1301 1102 1353; x_wconf 76' lang='grc'>150</span> 
     </span>
     <span class='ocr_line' id='line_1_12' title="bbox 187 1396 1100 1472; baseline 0 -17"><span class='ocrx_word' id='word_1_66' title='bbox 187 1396 319 1472; x_wconf 86' lang='lat' dir='ltr'>Philipp.</span> <span class='ocrx_word' id='word_1_67' title='bbox 336 1397 367 1453; x_wconf 86' lang='lat' dir='ltr'>I:</span> <span class='ocrx_word' id='word_1_68' title='bbox 507 1399 547 1454; x_wconf 84' lang='lat'>38</span> <span class='ocrx_word' id='word_1_69' title='bbox 972 1429 1014 1438; x_wconf 90' lang='lat'><em>—</em></span> <span class='ocrx_word' id='word_1_70' title='bbox 1061 1403 1100 1455; x_wconf 78' lang='grc'>10</span> 
     </span>
     <span class='ocr_line' id='line_1_13' title="bbox 234 1497 1100 1560; baseline -0.01 -3"><span class='ocrx_word' id='word_1_71' title='bbox 234 1533 276 1542; x_wconf 96' lang='grc'>-</span> <span class='ocrx_word' id='word_1_72' title='bbox 333 1497 382 1556; x_wconf 85' lang='lat'>11:</span> <span class='ocrx_word' id='word_1_73' title='bbox 490 1502 548 1557; x_wconf 87' lang='grc'>119</span> <span class='ocrx_word' id='word_1_74' title='bbox 972 1532 1014 1541; x_wconf 90' lang='grc'><strong>-</strong></span> <span class='ocrx_word' id='word_1_75' title='bbox 1060 1506 1100 1560; x_wconf 77' lang='lat'>80</span> 
     </span>
     <span class='ocr_line' id='line_1_14' title="bbox 388 1609 1100 1661; baseline -0.011 8"><span class='ocrx_word' id='word_1_76' title='bbox 388 1647 395 1659; x_wconf 88' lang='lat'><strong>·</strong></span> <span class='ocrx_word' id='word_1_77' title='bbox 971 1609 1100 1661; x_wconf 89' lang='grc'>-100</span> 
     </span>
     <span class='ocr_line' id='line_1_15' title="bbox 384 1710 1100 1764; baseline 0.003 -2"><span class='ocrx_word' id='word_1_78' title='bbox 384 1726 392 1762; x_wconf 88' lang='lat'><strong>:</strong></span> <span class='ocrx_word' id='word_1_79' title='bbox 512 1710 549 1762; x_wconf 88' lang='grc'>16</span> <span class='ocrx_word' id='word_1_80' title='bbox 973 1711 1100 1764; x_wconf 78' lang='lat'>-140</span> 
     </span>
     <span class='ocr_line' id='line_1_16' title="bbox 511 1812 1102 1868; baseline -0.012 -4"><span class='ocrx_word' id='word_1_81' title='bbox 511 1812 550 1864; x_wconf 82' lang='lat'>53</span> <span class='ocrx_word' id='word_1_82' title='bbox 976 1839 1017 1850; x_wconf 89' lang='lat'><strong>—</strong></span> <span class='ocrx_word' id='word_1_83' title='bbox 1061 1814 1102 1868; x_wconf 72' lang='lat'>68</span> 
     </span>
     <span class='ocr_line' id='line_1_17' title="bbox 976 1916 1104 1970; baseline -0.008 0"><span class='ocrx_word' id='word_1_84' title='bbox 976 1943 1018 1953; x_wconf 94' lang='lat'>-</span> <span class='ocrx_word' id='word_1_85' title='bbox 1042 1916 1104 1970; x_wconf 95' lang='grc'>100</span> 
     </span>
     <span class='ocr_line' id='line_1_18' title="bbox 975 2020 1103 2074; baseline -0.023 1"><span class='ocrx_word' id='word_1_86' title='bbox 975 2046 1018 2054; x_wconf 94' lang='grc'>-</span> <span class='ocrx_word' id='word_1_87' title='bbox 1063 2020 1103 2074; x_wconf 91' lang='grc'>80</span> 
     </span>
     <span class='ocr_line' id='line_1_19' title="bbox 974 2120 1102 2172; baseline -0.008 1"><span class='ocrx_word' id='word_1_88' title='bbox 974 2147 1016 2158; x_wconf 92' lang='lat'>-</span> <span class='ocrx_word' id='word_1_89' title='bbox 1061 2120 1102 2172; x_wconf 82' lang='grc'>90</span> 
     </span>
     <span class='ocr_line' id='line_1_20' title="bbox 971 2219 1100 2272; baseline -0.008 1"><span class='ocrx_word' id='word_1_90' title='bbox 971 2245 1014 2256; x_wconf 92' lang='lat'><em>-</em></span> <span class='ocrx_word' id='word_1_91' title='bbox 1061 2219 1100 2272; x_wconf 79' lang='grc'>12</span> 
     </span>
     <span class='ocr_line' id='line_1_21' title="bbox 974 2321 1102 2375; baseline 0 -1"><span class='ocrx_word' id='word_1_92' title='bbox 974 2321 1102 2375; x_wconf 79' lang='grc'>-100</span> 
     </span>
     <span class='ocr_line' id='line_1_22' title="bbox 973 2423 1101 2477; baseline 0.008 -1"><span class='ocrx_word' id='word_1_93' title='bbox 973 2451 1015 2458; x_wconf 96' lang='grc'>-</span> <span class='ocrx_word' id='word_1_94' title='bbox 1040 2423 1101 2477; x_wconf 72' lang='grc'>121</span> 
     </span>
     <span class='ocr_line' id='line_1_23' title="bbox 973 2525 1101 2579; baseline 0 0"><span class='ocrx_word' id='word_1_95' title='bbox 973 2550 1015 2561; x_wconf 94' lang='grc'>-</span> <span class='ocrx_word' id='word_1_96' title='bbox 1040 2525 1101 2579; x_wconf 92' lang='grc'>120</span> 
     </span>
     <span class='ocr_line' id='line_1_24' title="bbox 975 2629 1102 2681; baseline 0 0"><span class='ocrx_word' id='word_1_97' title='bbox 975 2655 1018 2664; x_wconf 84' lang='grc'>-</span> <span class='ocrx_word' id='word_1_98' title='bbox 1041 2629 1102 2681; x_wconf 86' lang='grc'>110</span> 
     </span>
     <span class='ocr_line' id='line_1_25' title="bbox 977 2732 1104 2786; baseline -0.024 1"><span class='ocrx_word' id='word_1_99' title='bbox 977 2758 1019 2768; x_wconf 96' lang='grc'>-</span> <span class='ocrx_word' id='word_1_100' title='bbox 1063 2732 1104 2786; x_wconf 82' lang='grc'>00</span> 
     </span>
     <span class='ocr_line' id='line_1_26' title="bbox 193 2829 1106 2910; baseline -0.013 -16"><span class='ocrx_word' id='word_1_101' title='bbox 193 2838 230 2894; x_wconf 84' lang='grc'>(16</span> <span class='ocrx_word' id='word_1_102' title='bbox 251 2835 323 2910; x_wconf 88' lang='lat' dir='ltr'><strong>imp.</strong></span> <span class='ocrx_word' id='word_1_103' title='bbox 347 2834 470 2910; x_wconf 88' lang='lat' dir='ltr'>Pomp.:</span> <span class='ocrx_word' id='word_1_104' title='bbox 514 2829 552 2888; x_wconf 84' lang='lat'>71</span> <span class='ocrx_word' id='word_1_105' title='bbox 667 2861 709 2872; x_wconf 92' lang='lat'>-</span> <span class='ocrx_word' id='word_1_106' title='bbox 755 2833 794 2886; x_wconf 80' lang='lat'>34</span> <span class='ocrx_word' id='word_1_107' title='bbox 979 2862 1020 2871; x_wconf 95' lang='lat'><em>-</em></span> <span class='ocrx_word' id='word_1_108' title='bbox 1065 2834 1106 2888; x_wconf 73' lang='lat'>50</span> 
     </span>
     <span class='ocr_line' id='line_1_27' title="bbox 194 2932 1118 3012; baseline -0.009 -16"><span class='ocrx_word' id='word_1_109' title='bbox 194 2938 310 3012; x_wconf 86' lang='lat' dir='ltr'>deleg.</span> <span class='ocrx_word' id='word_1_110' title='bbox 335 2955 397 3010; x_wconf 86' lang='lat' dir='ltr'>agr.</span> <span class='ocrx_word' id='word_1_111' title='bbox 421 2938 452 2995; x_wconf 90' lang='lat' dir='ltr'>I:</span> <span class='ocrx_word' id='word_1_112' title='bbox 516 2932 555 2992; x_wconf 87' lang='grc'>27</span> <span class='ocrx_word' id='word_1_113' title='bbox 670 2964 712 2976; x_wconf 93' lang='grc'><strong>-</strong></span> <span class='ocrx_word' id='word_1_114' title='bbox 756 2936 798 2990; x_wconf 85' lang='grc'>24</span> <span class='ocrx_word' id='word_1_115' title='bbox 982 2965 1024 2975; x_wconf 89' lang='grc'>-</span> <span class='ocrx_word' id='word_1_116' title='bbox 1068 2938 1118 2992; x_wconf 77' lang='lat'>95.</span> 
     </span>
    </p>

    <p class='ocr_par' dir='ltr' id='par_1_5' title="bbox 152 3033 1230 3422">
     <span class='ocr_line' id='line_1_28' title="bbox 238 3033 1229 3116; baseline -0.007 -18"><span class='ocrx_word' id='word_1_117' title='bbox 238 3042 325 3116; x_wconf 83' lang='lat' dir='ltr'>Ipsos</span> <span class='ocrx_word' id='word_1_118' title='bbox 355 3042 428 3113; x_wconf 80' lang='lat' dir='ltr'>puto</span> <span class='ocrx_word' id='word_1_119' title='bbox 452 3036 524 3095; x_wconf 87' lang='lat' dir='ltr'>satis</span> <span class='ocrx_word' id='word_1_120' title='bbox 546 3034 656 3093; x_wconf 83' lang='lat' dir='ltr'>diserte</span> <span class='ocrx_word' id='word_1_121' title='bbox 685 3034 768 3113; x_wconf 91' lang='lat' dir='ltr'>loqui</span> <span class='ocrx_word' id='word_1_122' title='bbox 790 3054 943 3108; x_wconf 83' lang='lat' dir='ltr'>numeros,</span> <span class='ocrx_word' id='word_1_123' title='bbox 976 3054 1041 3093; x_wconf 89' lang='lat' dir='ltr'>oum</span> <span class='ocrx_word' id='word_1_124' title='bbox 1063 3035 1096 3092; x_wconf 91' lang='lat' dir='ltr'>in</span> <span class='ocrx_word' id='word_1_125' title='bbox 1120 3033 1229 3092; x_wconf 83' lang='lat' dir='ltr'>oratio-</span> 
     </span>
     <span class='ocr_line' id='line_1_29' title="bbox 152 3135 1227 3218; baseline -0.008 -20"><span class='ocrx_word' id='word_1_126' title='bbox 152 3145 241 3203; x_wconf 86' lang='lat' dir='ltr'>nibus</span> <span class='ocrx_word' id='word_1_127' title='bbox 263 3162 295 3218; x_wconf 87' lang='lat' dir='ltr'>p.</span> <span class='ocrx_word' id='word_1_128' title='bbox 312 3138 434 3213; x_wconf 78' lang='lat' dir='ltr'>Ligario</span> <span class='ocrx_word' id='word_1_129' title='bbox 457 3140 487 3196; x_wconf 89' lang='grc'>61</span> <span class='ocrx_word' id='word_1_130' title='bbox 503 3136 645 3195; x_wconf 81' lang='lat' dir='ltr'>Deiotaro</span> <span class='ocrx_word' id='word_1_131' title='bbox 666 3135 778 3193; x_wconf 82' lang='lat' dir='ltr'>habitis</span> <span class='ocrx_word' id='word_1_132' title='bbox 801 3140 841 3191; x_wconf 82' lang='lat'>36</span> <span class='ocrx_word' id='word_1_133' title='bbox 862 3140 948 3193; x_wconf 88' lang='grc'>6129</span> <span class='ocrx_word' id='word_1_134' title='bbox 973 3139 1089 3194; x_wconf 75' lang='lat' dir='ltr'>tantum</span> <span class='ocrx_word' id='word_1_135' title='bbox 1112 3135 1227 3191; x_wconf 84' lang='grc'>16666-</span> 
     </span>
     <span class='ocr_line' id='line_1_30' title="bbox 154 3236 1228 3320; baseline -0.015 -15"><span class='ocrx_word' id='word_1_136' title='bbox 154 3245 234 3306; x_wconf 81' lang='grc'>16616</span> <span class='ocrx_word' id='word_1_137' title='bbox 257 3240 317 3320; x_wconf 61' lang='grc' dir='ltr'>ξς,</span> <span class='ocrx_word' id='word_1_138' title='bbox 341 3241 374 3297; x_wconf 88' lang='grc'>16</span> <span class='ocrx_word' id='word_1_139' title='bbox 397 3240 503 3300; x_wconf 78' lang='lat' dir='ltr'>ueteris</span> <span class='ocrx_word' id='word_1_140' title='bbox 524 3241 622 3297; x_wconf 84' lang='lat' dir='ltr'>autem</span> <span class='ocrx_word' id='word_1_141' title='bbox 646 3236 830 3296; x_wconf 83' lang='lat' dir='ltr'>orationibus</span> <span class='ocrx_word' id='word_1_142' title='bbox 855 3242 912 3308; x_wconf 83' lang='lat'>50,</span> <span class='ocrx_word' id='word_1_143' title='bbox 937 3241 992 3308; x_wconf 88' lang='grc'>60,</span> <span class='ocrx_word' id='word_1_144' title='bbox 1019 3236 1073 3307; x_wconf 83' lang='grc'>70,</span> <span class='ocrx_word' id='word_1_145' title='bbox 1099 3239 1154 3306; x_wconf 89' lang='grc'>80,</span> <span class='ocrx_word' id='word_1_146' title='bbox 1179 3239 1228 3306; x_wconf 86' lang='grc'>90,</span> 
     </span>
     <span class='ocr_line' id='line_1_31' title="bbox 159 3335 1230 3422; baseline -0.016 -13"><span class='ocrx_word' id='word_1_147' title='bbox 159 3354 236 3421; x_wconf 91' lang='grc'>100,</span> <span class='ocrx_word' id='word_1_148' title='bbox 264 3350 338 3417; x_wconf 86' lang='grc'>120,</span> <span class='ocrx_word' id='word_1_149' title='bbox 368 3341 555 3422; x_wconf 85' lang='lat' dir='ltr'>quinetiam</span> <span class='ocrx_word' id='word_1_150' title='bbox 580 3344 636 3397; x_wconf 82' lang='lat'>150</span> <span class='ocrx_word' id='word_1_151' title='bbox 660 3344 692 3397; x_wconf 97' lang='grc'>61</span> <span class='ocrx_word' id='word_1_152' title='bbox 717 3344 776 3396; x_wconf 90' lang='grc'>160</span> <span class='ocrx_word' id='word_1_153' title='bbox 799 3337 993 3400; x_wconf 77' lang='lat' dir='ltr'>inveniantur</span> <span class='ocrx_word' id='word_1_154' title='bbox 1022 3335 1120 3411; x_wconf 79' lang='lat' dir='ltr'>tropi:</span> <span class='ocrx_word' id='word_1_155' title='bbox 1153 3335 1230 3393; x_wconf 90' lang='lat' dir='ltr'>nihil</span> 
     </span>
    </p>

    <p class='ocr_par' dir='ltr' id='par_1_6' title="bbox 50 3439 1231 3730">
     <span class='ocr_line' id='line_1_32' title="bbox 50 3439 1231 3529; baseline -0.012 -18"><span class='ocrx_word' id='word_1_156' title='bbox 50 3464 55 3472; x_wconf 83' lang='grc'><em>’</em></span> <span class='ocrx_word' id='word_1_157' title='bbox 154 3452 243 3529; x_wconf 89' lang='lat' dir='ltr'>plane</span> <span class='ocrx_word' id='word_1_158' title='bbox 264 3449 440 3518; x_wconf 84' lang='lat' dir='ltr'>habeamus,</span> <span class='ocrx_word' id='word_1_159' title='bbox 464 3445 543 3524; x_wconf 90' lang='lat' dir='ltr'>quod</span> <span class='ocrx_word' id='word_1_160' title='bbox 565 3441 613 3500; x_wconf 87' lang='lat' dir='ltr'>his</span> <span class='ocrx_word' id='word_1_161' title='bbox 635 3441 796 3500; x_wconf 76' lang='lat' dir='ltr'>adiciamus</span> <span class='ocrx_word' id='word_1_162' title='bbox 818 3441 967 3512; x_wconf 85' lang='lat' dir='ltr'>numeris,</span> <span class='ocrx_word' id='word_1_163' title='bbox 990 3439 1048 3498; x_wconf 86' lang='lat' dir='ltr'>nisi</span> <span class='ocrx_word' id='word_1_164' title='bbox 1071 3439 1150 3517; x_wconf 90' lang='lat' dir='ltr'>quod</span> <span class='ocrx_word' id='word_1_165' title='bbox 1171 3439 1231 3514; x_wconf 91' lang='lat' dir='ltr'>ipsi</span> 
     </span>
     <span class='ocr_line' id='line_1_33' title="bbox 156 3542 1230 3629; baseline -0.01 -18"><span class='ocrx_word' id='word_1_166' title='bbox 156 3555 278 3625; x_wconf 82' lang='lat' dir='ltr'>docent,</span> <span class='ocrx_word' id='word_1_167' title='bbox 310 3551 390 3629; x_wconf 91' lang='lat' dir='ltr'>quod</span> <span class='ocrx_word' id='word_1_168' title='bbox 411 3547 575 3624; x_wconf 85' lang='lat' dir='ltr'>Dionysius</span> <span class='ocrx_word' id='word_1_169' title='bbox 605 3546 642 3604; x_wconf 86' lang='lat' dir='ltr'>de</span> <span class='ocrx_word' id='word_1_170' title='bbox 664 3543 755 3622; x_wconf 80' lang='lat' dir='ltr'>Lysia</span> <span class='ocrx_word' id='word_1_171' title='bbox 784 3542 972 3614; x_wconf 79' lang='lat' dir='ltr'>iudicaverit,</span> <span class='ocrx_word' id='word_1_172' title='bbox 1002 3542 1082 3600; x_wconf 87' lang='lat' dir='ltr'>idem</span> <span class='ocrx_word' id='word_1_173' title='bbox 1110 3561 1164 3601; x_wconf 90' lang='lat' dir='ltr'>nos</span> <span class='ocrx_word' id='word_1_174' title='bbox 1195 3542 1230 3600; x_wconf 91' lang='lat' dir='ltr'>de</span> 
     </span>
     <span class='ocr_line' id='line_1_34' title="bbox 157 3651 746 3730; baseline -0.014 -15"><span class='ocrx_word' id='word_1_175' title='bbox 157 3656 267 3715; x_wconf 87' lang='lat' dir='ltr'>nostris</span> <span class='ocrx_word' id='word_1_176' title='bbox 290 3655 475 3714; x_wconf 84' lang='lat' dir='ltr'>orationibus</span> <span class='ocrx_word' id='word_1_177' title='bbox 496 3672 584 3730; x_wconf 85' lang='lat' dir='ltr'>posse</span> <span class='ocrx_word' id='word_1_178' title='bbox 606 3651 746 3711; x_wconf 78' lang='lat' dir='ltr'>iudicare.</span> 
     </span>
    </p>

    <p class='ocr_par' dir='ltr' id='par_1_7' title="bbox 156 3749 1230 4148">
     <span class='ocr_line' id='line_1_35' title="bbox 243 3749 1227 3825; baseline -0.011 -11"><span class='ocrx_word' id='word_1_179' title='bbox 243 3761 383 3816; x_wconf 79' lang='lat' dir='ltr'>Attamen</span> <span class='ocrx_word' id='word_1_180' title='bbox 404 3759 474 3816; x_wconf 92' lang='lat' dir='ltr'>nolo</span> <span class='ocrx_word' id='word_1_181' title='bbox 496 3756 585 3815; x_wconf 84' lang='lat' dir='ltr'>nudis</span> <span class='ocrx_word' id='word_1_182' title='bbox 606 3760 638 3814; x_wconf 86' lang='grc'>16</span> <span class='ocrx_word' id='word_1_183' title='bbox 653 3756 773 3814; x_wconf 86' lang='lat' dir='ltr'>eredere</span> <span class='ocrx_word' id='word_1_184' title='bbox 788 3753 928 3825; x_wconf 86' lang='lat' dir='ltr'>numeris,</span> <span class='ocrx_word' id='word_1_185' title='bbox 951 3751 1042 3809; x_wconf 90' lang='lat' dir='ltr'>immo</span> <span class='ocrx_word' id='word_1_186' title='bbox 1058 3769 1130 3811; x_wconf 79' lang='lat' dir='ltr'>vero</span> <span class='ocrx_word' id='word_1_187' title='bbox 1145 3749 1227 3822; x_wconf 86' lang='lat' dir='ltr'>ipsos</span> 
     </span>
     <span class='ocr_line' id='line_1_36' title="bbox 157 3854 1230 3939; baseline -0.017 -18"><span class='ocrx_word' id='word_1_188' title='bbox 157 3859 391 3935; x_wconf 79' lang='lat' dir='ltr'>contemplemur</span> <span class='ocrx_word' id='word_1_189' title='bbox 419 3862 537 3936; x_wconf 79' lang='lat' dir='ltr'>tropos,</span> <span class='ocrx_word' id='word_1_190' title='bbox 571 3859 622 3939; x_wconf 90' lang='lat' dir='ltr'>qui</span> <span class='ocrx_word' id='word_1_191' title='bbox 653 3858 713 3917; x_wconf 87' lang='lat' dir='ltr'>siut</span> <span class='ocrx_word' id='word_1_192' title='bbox 741 3855 952 3917; x_wconf 76' lang='lat' dir='ltr'>accommodati</span> <span class='ocrx_word' id='word_1_193' title='bbox 979 3854 1015 3911; x_wconf 91' lang='lat' dir='ltr'>ad</span> <span class='ocrx_word' id='word_1_194' title='bbox 1046 3865 1230 3910; x_wconf 86' lang='lat' dir='ltr'>communem</span> 
     </span>
     <span class='ocr_line' id='line_1_37' title="bbox 156 3952 1230 4040; baseline -0.017 -16"><span class='ocrx_word' id='word_1_195' title='bbox 156 3963 272 4024; x_wconf 75' lang='lat' dir='ltr'>dicendi</span> <span class='ocrx_word' id='word_1_196' title='bbox 302 3963 560 4035; x_wconf 80' lang='lat' dir='ltr'>consuetudinem,</span> <span class='ocrx_word' id='word_1_197' title='bbox 590 3966 696 4020; x_wconf 84' lang='lat' dir='ltr'>eontra</span> <span class='ocrx_word' id='word_1_198' title='bbox 717 3962 770 4040; x_wconf 89' lang='lat' dir='ltr'>qui</span> <span class='ocrx_word' id='word_1_199' title='bbox 791 3959 962 4020; x_wconf 79' lang='lat' dir='ltr'>audaciores</span> <span class='ocrx_word' id='word_1_200' title='bbox 988 3952 1230 4026; x_wconf 84' lang='lat' dir='ltr'>insignioresque</span> 
     </span>
     <span class='ocr_line' id='line_1_38' title="bbox 159 4063 623 4148; baseline -0.009 -22"><span class='ocrx_word' id='word_1_201' title='bbox 159 4087 247 4148; x_wconf 90' lang='lat' dir='ltr'>quam</span> <span class='ocrx_word' id='word_1_202' title='bbox 270 4065 378 4145; x_wconf 90' lang='lat' dir='ltr'>quibus</span> <span class='ocrx_word' id='word_1_203' title='bbox 399 4066 500 4122; x_wconf 79' lang='lat' dir='ltr'>utatur</span> <span class='ocrx_word' id='word_1_204' title='bbox 521 4063 623 4123; x_wconf 83' lang='lat' dir='ltr'>idiota.</span> 
     </span>
    </p>
   </div>
   <div class='ocr_carea' id='block_1_5' title="bbox 0 0 1390 4620">
    <p class='ocr_par' dir='ltr' id='par_1_8' title="bbox 0 0 1390 4620">
     <span class='ocr_line' id='line_1_39' title="bbox 0 0 1390 4620; baseline 0 0"><span class='ocrx_word' id='word_1_205' title='bbox 0 0 1390 4620; x_wconf 95' lang='lat' dir='ltr'> </span> 
     </span>
    </p>
   </div>
  </div>
 </body>
</html>
