2752 4620
556 231 768 298 ..17-

126 387 217 446 mium
240 389 338 448 tribuo
361 409 427 448 oum
450 389 516 449 aliis
539 391 575 447 de
598 389 701 461 causis,
733 408 806 467 quas
827 410 858 447 r.
884 410 914 465 p.
936 395 952 445 6
976 395 1038 448 tum
1063 391 1198 463 maxime,

128 491 206 567 quod
228 491 258 548 id
283 512 399 568 semper
421 492 478 551 erit
499 492 651 551 fatendum
668 491 840 549 Ciceronem
857 493 912 550 hac
930 493 960 549 in
981 499 1065 567 parte
1081 494 1200 552 Asianis
1286 502 1292 508 '

127 594 220 666 magis
241 596 428 654 adversatum
450 615 515 653 esse
540 614 627 672 quam
650 594 760 653 favisse
792 592 872 669 (vide
896 595 986 653 etiarn
1008 596 1142 653 Caesaris
1165 597 1201 653 de

127 713 162 752 eo
190 694 331 754 iudicium
355 698 437 755 Brut.
458 698 506 769 72,
524 695 598 771 253)
628 697 718 775 idque
748 695 923 771 perdifficile
951 703 996 755 est
1026 697 1200 773 disceptatu,

128 797 237 875 quibus
259 799 290 855 in
314 805 400 858 oratt.
425 801 454 858 id
478 799 580 872 magis,
605 799 714 878 quibus
737 798 835 858 minus
857 799 998 857 effecerit.
1045 798 1140 856 Aliter
1154 818 1202 858 res

128 917 159 956 se
182 899 272 958 habet
295 902 330 958 de
353 904 464 976 tropis:
487 903 535 959 hio
559 920 745 979 nequaquam
770 921 856 976 spero
880 900 1001 960 difficile
1023 902 1088 959 fore
1111 919 1201 976 appa-

128 1006 227 1060 rentes
243 1002 427 1061 differentias
450 1003 535 1082 quasi
552 1004 645 1062 oculis
665 1022 793 1075 cernere,
818 1004 954 1062 manibus
970 1004 1200 1079 deprehendere.

129 1110 173 1163 Ao
195 1105 274 1181 tropi
298 1125 356 1163 non
381 1106 536 1164 minusad
560 1106 738 1179 elegantiam
768 1107 920 1181 pertinent
943 1125 1030 1184 quam
1054 1125 1129 1185 quae
1152 1107 1202 1163 ad-

128 1209 186 1266 huc
208 1207 377 1285 attigimus:
401 1209 452 1266 sed
475 1228 541 1266 cum
563 1208 652 1265 iidem
676 1209 712 1265 ad
737 1209 911 1283 dignitatem
936 1214 1071 1283 spectent
1094 1208 1200 1266 oratio·

128 1310 184 1381 nis,
207 1316 373 1384 separatam
395 1311 433 1369 iis
455 1311 653 1369 concessimus
677 1316 774 1386 caput.

588 1577 672 1664 (lap.
694 1578 745 1646 Π.

536 1701 598 1750 l)e
625 1700 792 1763 tropis.

216 1837 296 1896 Huic
319 1837 410 1912 capiti
431 1837 481 1897 vel
503 1857 648 1896 summam
669 1837 763 1897 totius
785 1835 1001 1896 dissertationis
1022 1838 1083 1896 rim
1106 1837 1203 1895 inesse

131 1939 249 1998 docebit
276 1942 306 1998 te
329 1940 502 2012 auctoritas,
535 1960 624 2019 quam
645 1941 740 2017 tropis
760 1940 924 2018 Dionysius
946 1939 1068 1998 tribuit:
1099 1939 1204 2018 quiet

129 2041 162 2098 in
177 2061 360 2121 unoquoque
375 2042 532 2101 iudicando
549 2047 666 2101 oratore
682 2043 750 2102 illos
764 2044 843 2101 haud
859 2062 963 2118 parum
980 2041 1147 2118 respexerit
1162 2075 1204 2082 —

130 2144 202 2222 quid
225 2146 304 2222 quod
325 2145 453 2221 exempli
477 2164 564 2204 causa
586 2147 618 2203 in
641 2145 795 2204 Platonem
826 2165 886 2203 non
915 2144 1037 2202 minima
1059 2163 1097 2201 ex
1120 2149 1204 2218 parte

130 2252 253 2322 propter
282 2249 426 2323 tropicam
457 2249 522 2307 eius
551 2248 748 2308 elocutionem
779 2249 932 2309 invehitur
958 2249 989 2306 in
1020 2266 1065 2322 ep.
1090 2248 1125 2304 ad
1149 2247 1202 2304 On.

131 2348 236 2425 Pomp.
261 2351 309 2408 II:
341 2344 466 2423 poitiers
489 2348 521 2408 δὲ
542 2344 705 2427 χειμάζεται
736 2349 802 2426 περὶ
833 2343 886 2426 τήν
916 2344 1063 2427 τροπικὴν
1091 2341 1204 2427 φράσιν

130 2469 214 2530 e.q.s.
240 2485 280 2494 —
305 2460 335 2513 et
358 2455 390 2512 in
413 2454 504 2532 Lysia
526 2455 556 2513 id
579 2456 628 2515 vel
651 2456 778 2514 maxime
801 2459 889 2530 urget
910 2473 1032 2529 prorsus
1054 2473 1120 2511 eum
1143 2458 1204 2511 tro-

130 2555 197 2630 pica
219 2556 349 2616 dictione
372 2557 559 2629 abstinuisse,
583 2560 620 2617 cf.
638 2558 698 2616 iud.
717 2558 787 2635 Lys.
805 2578 828 2616 c.
843 2557 895 2615 ΙΙΙ
918 2557 1003 2615 init:
1026 2555 1068 2624 τίς
1085 2546 1110 2612 d'
1126 2550 1204 2611 ἔστιν
1288 2559 1290 2563 ‘

131 2649 225 2731 αὕτης
256 2651 277 2733 ἦ
299 2652 350 2717 διαὶ
373 2661 432 2718 τῶν
454 2660 598 2736 κυρίων
619 2679 649 2718 τε
671 2657 721 2717 καὶ
744 2661 853 2718 κοινῶν
880 2655 931 2716 καὶ
954 2655 985 2716 ἕν
1008 2654 1087 2738 μέσῳ
1109 2654 1205 2728 κειμέ-

130 2779 190 2818 νων
212 2754 371 2833 ὀνομάτων
387 2758 556 2837 ἐκφέρουσα
573 2756 609 2818 ui
625 2755 784 2836 νοούμενα.
830 2754 967 2834 ἥκιστα
990 2753 1060 2836 γὰρ
1085 2753 1127 2816 dv
1148 2778 1204 2826 τις

130 2854 241 2937 εὕροι
260 2861 414 2920 Λυσίαν
430 2864 594 2944 τροπικῇ
615 2855 753 2938 φράσει
771 2854 1024 2939 χρησάμενονι
1047 2863 1127 2940 quod
1144 2881 1203 2939 quo

15 3036 17 3047 ρ
129 2963 240 3021 rectius
263 2963 419 3037 intellegas
441 2963 598 3037 iudicium,
628 2965 790 3039 subiungas
812 2963 885 3021 illud
909 2965 987 3042 quod
1010 2963 1041 3022 in
1064 2963 1205 3039 Spengeli

16 3052 18 3067 ’
130 3063 260 3122 editione
290 3066 442 3125 rheto1um
466 3066 568 3125 Graec.
594 3069 659 3143 lp.
677 3072 755 3139 365,
773 3073 849 3146 2sq.
880 3064 926 3143 (ἐκ
955 3067 1014 3125 τῶν
1038 3065 1203 3144 Λογγῖνον)

129 3168 298 3227 invenitur:
322 3162 391 3227 Ὅτι
408 3167 454 3227 δεῖ
468 3166 673 3245 πεφεισμένως
690 3171 822 3249 χρῆσθαι
840 3173 904 3239 ταῖς
921 3159 1044 3248 τροπαῖς
1065 3166 1115 3227 καὶ
1132 3161 1204 3244 μετα

16 3310 17 3317 1
128 3266 246 3346 τέχνης,
278 3267 319 3347 μή
341 3271 532 3348 παραλείπειν
554 3269 587 3331 δὲ
609 3274 759 3342 παντελῶς
858 3269 909 3330 καὶ
931 3265 987 3351 γὰρ
1011 3269 1061 3330 καὶ
1085 3271 1201 3340 Λυσίας

16 3358 18 3401 ³
129 3365 209 3432 οὕτω
232 3375 403 3451 πεποίηκεν.
448 3382 492 3436 Ac
515 3377 566 3456 qui
589 3378 701 3443 Romae
724 3377 906 3436 exstiterunt
929 3376 1031 3446 Attici,
1054 3395 1104 3434 eos
1127 3394 1201 3454 quo-

16 3486 18 3503 *
129 3493 187 3551 quc
209 3479 304 3553 tropis
326 3479 476 3538 abstinere
498 3479 629 3539 voluisse
652 3480 738 3539 docet
761 3479 965 3543 Quintilianus
986 3477 1067 3551 XII,
1086 3482 1133 3550 10,
1151 3483 1200 3551 23,

129 3577 180 3656 qui
202 3579 251 3637 his
272 3581 371 3640 verbis
393 3601 444 3642 eos
467 3588 636 3658 oppugnat:
658 3582 748 3659 „queit
767 3583 887 3659 στεῖραι
910 3581 1133 3638 demosthenes?
1148 3622 1155 3637 .
1170 3622 1198 3636 ..

129 3699 184 3737 ιιοιι
208 3682 445 3741 translationibus
468 3687 585 3742 ru‘tet?“
629 3684 774 3742 Necnon
799 3683 926 3743 Asianos
953 3682 1046 3741 nimio
1069 3683 1201 3758 tropicae

17 3844 19 3853 Κ
128 3782 267 3843 dictionis
289 3784 388 3842 studio
410 3804 442 3843 se
464 3785 581 3844 dedisse
604 3791 650 3845 est
672 3785 847 3862 notumw).

197 3916 239 3981 16)
256 3919 312 3965 vide
330 3919 393 3966 inter
411 3920 461 3967 alia
477 3921 600 3968 Blossium
623 3919 789 3978 „Geschiohte
806 3919 850 3966 dar
867 3919 1036 3978 griechischen
1055 3919 1200 3966 Beredsam·

16 4022 18 4031 ι
127 4004 179 4051 keit
203 4005 228 4052 in
254 4006 310 4052 dem
328 4005 452 4052 Zeitraum
476 4020 526 4053 von
544 4005 686 4053 Alexander
711 4005 749 4052 bis
772 4003 817 4051 aui
836 4005 994 4063 Augustus“,
1021 4005 1106 4051 Berlin
1125 4005 1199 4063 1865,

16 4110 18 4119 ·
126 4105 151 4150 p.
166 4093 197 4138 31
216 4096 241 4138 et
258 4091 330 4139 huius
347 4092 443 4140 dissert.
463 4107 486 4151 p.
500 4094 524 4150 5,
543 4092 600 4139 adn.
613 4096 636 4140 7.

976 4183 994 4233 2
