2752 4620
582 203 796 268 ..67-

149 359 215 420 loeo
237 359 348 434 vagire
369 377 482 417 saeuus
503 357 614 417 dieitur
636 358 762 433 gladius,
784 360 837 439 qui
859 359 969 435 ragina
990 361 1075 440 quasi
1097 361 1226 420 riuoulis

149 483 202 521 seu
231 481 349 521 caruere
377 461 522 519 liberatus
550 461 682 520 exsultet
711 470 863 540 tamqusur
891 468 923 522 et
951 463 984 521 in
1013 464 1103 522 eaede
1125 483 1225 522 verae-

149 565 288 641 turm).
333 565 493 622 Praeterea
522 570 621 622 orator
650 564 684 623 iu
705 564 843 638 eligendo
866 565 1012 625 vocabulo
1035 567 1161 625 fortasse
1183 567 1225 624 al·

149 667 341 728 litteratiouis
362 668 491 745 quodam
512 668 611 726 studio
633 668 796 726 ducebatur
818 671 938 744 ‘usgiba
959 686 1085 728 που.
1104 711 1112 726 .
1128 711 1161 726 ..
1181 672 1225 727 vi-

148 771 263 841 dimus',
297 772 340 830 sio
369 778 405 829 ut
430 771 464 828 iu
493 769 572 829 Phil.
594 770 668 842 XII,
693 775 711 827 8
740 771 793 829 illo
823 776 918 830 ‘ousta
944 789 1092 831 seruere
1119 772 1222 842 oioiii,

150 875 231 952 quod
261 893 352 949 supra
380 873 460 932 iuter
488 871 717 931 allittemtioues
748 874 919 933 attulimus:
952 875 1126 951 praesertim
1159 895 1224 934 oum

149 976 221 1035 alibi
248 995 368 1055 quoque
396 976 428 1033 in
457 977 515 1034 hae
536 975 671 1034 oratione
701 976 761 1036 tule
782 977 898 1036 eluoeat
919 977 1064 1050 studium,
1094 982 1129 1036 ut
1150 975 1167 1054 S
1189 983 1225 1035 le

147 1082 302 1139 victum
323 1081 431 1137 visure
451 1079 572 1136 videns.
618 1078 691 1137 ibid.
719 1082 865 1137 victorius
893 1081 1023 1138 condicio
1050 1083 1153 1157 visque
1180 1079 1227 1136 ie-

148 1185 229 1241 victo
250 1192 303 1239 est.
351 1180 427 1260 §24
450 1190 530 1239 tauto
550 1185 712 1241 asinorum
734 1183 840 1241 ardore
861 1191 892 1240 et
912 1201 1070 1242 armorum.

233 1285 318 1350 Quae
332 1284 432 1343 omnia
452 1303 632 1363 quamquam
655 1290 770 1343 tantum
792 1286 885 1356 abest,
908 1292 943 1345 ut
963 1294 1124 1362 propterea
1145 1289 1225 1346 haue

150 1389 314 1448 orationem
338 1386 562 1462 suppositioiem
585 1387 742 1458 ducamus,
773 1394 807 1446 ut
829 1407 867 1446 ne
887 1386 918 1447 id
940 1388 1062 1468 quidam
1084 1391 1226 1449 oonoeda-

149 1513 214 1551 mus
240 1492 280 1552 iis
308 1489 448 1550 commoti
470 1487 690 1548 Marcellianum
719 1508 737 1546 a
757 1489 900 1549 Cicerone
921 1491 957 1548 ad
980 1492 1141 1551 editionem
1165 1512 1223 1550 nou

148 1600 353 1672 praeparatam
375 1610 456 1661 esse,
488 1597 588 1648 tamen
609 1591 640 1648 id
664 1598 743 1650 oerte
765 1592 943 1667 impedient,
975 1593 1135 1672 quominus
1156 1595 1227 1653 huie

148 1697 276 1757 orationi
299 1695 417 1754 Atticae
440 1692 580 1752 dictionis
601 1693 717 1752 laudem
741 1694 916 1753 tribuamus.

235 1797 321 1860 Quod
341 1797 484 1855 iudioium
507 1796 732 1855 confirmabitur
753 1805 907 1872 troporum
930 1798 1199 1875 contemplatione:

235 1899 251 1979 5
269 1906 288 1958 2
311 1903 340 1957 iu
356 1907 454 1956 nostro
471 1907 563 1955 uetere
581 1899 728 1956 curriculo
749 1933 792 1942 -
813 1902 900 1976 quusi
918 1901 1037 1976 quodum
1052 1906 1132 1960 socio
1148 1923 1166 1961 a
1183 1922 1225 1960 ure

148 2014 176 2062 et
197 2005 298 2061 comite
319 2002 468 2059 destructo.
515 2001 556 2059 ib.
587 2000 660 2058 miii
684 2019 762 2058 rneue
780 2004 925 2078 pre'stiuue
947 2005 1023 2060 uitus
1043 2008 1225 2063 cousuetudi-

148 2126 210 2165 nem
227 2106 411 2164 interclusum
429 2105 580 2179 operuisti.
619 2102 661 2160 ib.
684 2105 724 2159 ud
739 2101 808 2161 berre
823 2104 996 2178 sperandum
1013 2108 1100 2182 quusi
1111 2109 1225 2184 sigimot

148 2210 267 2287 aliquod
286 2207 440 2264 sustulisti.
484 2203 501 2282 ξ
519 2212 538 2262 4
559 2206 670 2281 ιίὶιιιιιιηι
694 2206 812 2279 sugerii.
859 2203 911 2283 §5
935 2224 987 2263 nee
1009 2226 1077 2263 vero
1099 2210 1226 2268 dr'sr'rtuo·

149 2316 274 2371 tissimus
303 2320 398 2368 terras
426 2311 512 2366 eitius
537 2307 672 2384 passibus
703 2310 868 2385 cuiusquam
896 2310 1026 2384 potuisse
1052 2315 1222 2387 peragrari,

147 2435 230 2495 quom
254 2418 310 2474 tuis
332 2433 389 2471 nou
411 2413 502 2470 droam
525 2410 676 2481 cursibus,
709 2411 760 2468 sed
788 2413 935 2482 ue'etoriis,
968 2412 1112 2471 lustratos
1137 2424 1223 2473 sunt:

147 2523 221 2599 (qua
248 2518 413 2595 hyperbole
441 2536 512 2574 num
541 2515 613 2595 quid
641 2515 819 2575 successerit
840 2519 940 2574 orator
960 2534 1001 2574 ex
1022 2535 1076 2575 suo
1097 2517 1226 2595 quisque

147 2623 314 2682 soisoitetur
331 2619 440 2695 sensu).
486 2614 537 2693 §6
562 2621 599 2674 in
622 2620 737 2674 armis·
760 2616 880 2673 militum
903 2618 1006 2686 uirtus,
1032 2617 1159 2676 locorum
1174 2639 1226 2696 op-

146 2727 329 2802 portunitas,
362 2720 476 2778 attritio
498 2721 640 2775 sociorum
664 2737 748 2797 e.q.a.
771 2718 889 2775 muitum
912 2720 1021 2776 iuoout.
1068 2718 1122 2797 §9
1150 2725 1226 2780 erus·

148 2828 227 2886 modi
244 2844 293 2882 res
315 2826 398 2880 etrum
412 2839 473 2877 oum
491 2821 639 2895 leguntur,
659 2818 788 2895 obstrepi
803 2821 928 2878 clamore
945 2822 1066 2880 militum
1084 2823 1224 2882 orientur.

149 2929 165 3008 g
187 2935 224 2988 10
253 2927 396 3005 parietes,
422 2943 464 2980 me
488 2925 564 2979 Bous
585 2922 701 2993 Fidius,
736 2931 768 2978 ut
790 2923 861 2980 mebi
881 2924 995 2982 videtur
1017 2925 1102 2982 iuius
1124 2929 1225 2985 ouriue

149 3033 204 3092 tibi
231 3032 347 3108 gratius
376 3046 465 3104 ogere
492 3028 631 3102 gestiunt.
686 3024 702 3103 §
726 3030 761 3085 12
795 3029 942 3086 victorium
975 3030 1078 3087 bibisse
1109 3030 1223 3088 uideris.

149 3135 165 3214 ᾖ
188 3141 225 3196 14
248 3152 308 3191 meo
331 3131 454 3191 oonsilio
473 3132 557 3206 poris
579 3138 608 3185 et
631 3137 716 3204 togae
737 3131 828 3200 socco,
855 3149 911 3187 rou
934 3129 1005 3188 tetre·
1025 3139 1110 3207 etque
1130 3152 1224 3191 ormo-

148 3258 222 3298 rum.
268 3235 341 3313 §17
373 3253 421 3291 eos
443 3234 552 3292 Mortis
575 3234 618 3290 uis
638 3233 780 3309 pereutit,
805 3252 861 3291 uon
884 3234 931 3290 iro
954 3235 1105 3294 victoriae.
1151 3235 1223 3294 ibid.

148 3364 185 3401 ex
207 3342 302 3398 eodem
330 3340 393 3395 rore
420 3346 572 3395 conservat
593 3355 663 3413 quor
689 3345 793 3413 potest.
838 3336 909 3396 ibid.
940 3339 1027 3396 uimis
1057 3339 1223 3396 iracundam

140 3443 275 3523 suturam
289 3441 387 3518 sitisse
408 3442 567 3498 uz'otorium.
616 3437 688 3517 §28
712 3457 785 3516 quae
807 3440 920 3517 dilapsa
943 3443 999 3499 sum
1022 3438 1224 3520 diffusorum,

147 3547 254 3604 seueris
275 3545 386 3620 legebus
409 3543 557 3603 esurienda
580 3552 655 3601 sunt.
702 3540 776 3619 §24
808 3545 965 3603 aretinorum
994 3544 1100 3601 ardore
1126 3551 1155 3600 st
1175 3562 1223 3601 arr·

148 3667 265 3707 morum.
310 3648 350 3706 ib.
382 3656 519 3723 quarrata
549 3664 596 3702 res
615 3644 742 3721 publico.
788 3646 828 3704 ib.
861 3644 1003 3721 multoque
1025 3654 1141 3722 uterque
1163 3646 1224 3703 dus

140 3752 260 3834 sereret
278 3758 418 3819 ormutus,
443 3749 608 3826 quotidem
625 3756 742 3824 togatus
755 3747 834 3824 fieri
843 3745 1046 3824 prohibuisset.
1091 3746 1132 3807 ib.
1156 3746 1227 3805 belii

218 3907 278 3966 149)
298 3905 353 3951 Una
370 3900 431 3947 mihi
449 3901 535 3947 videor
553 3900 689 3947 ostendisse
708 3905 733 3947 et
745 3899 807 3947 beno
819 3899 907 3946 Latino
920 3899 1027 3945 locutum
1040 3912 1094 3946 osso
1107 3898 1222 3956 Tullium,

147 4008 202 4041 oum
229 3992 291 4040 bueo
316 3989 476 4048 coniungeret
502 3987 603 4046 ‘vagina
629 3986 742 4034 vsouum’
769 3991 793 4034 et
820 3986 893 4046 longe
920 3984 1001 4035 tenuis
1029 3984 1134 4033 oratoris
1161 3985 1222 4031 dues

147 4093 281 4141 egressum.

972 4149 1018 4215 δῦ
