2752 4620
598 232 810 298 ..53-

164 388 252 448 huius
279 394 312 447 ln
339 377 438 450 'illum
490 395 531 447 49
564 392 722 466 properato
751 377 836 465 dpus'
865 395 948 450 esset.
993 394 1033 450 90
1062 401 1157 465 ipsum
1187 377 1239 447 'sed

165 480 213 552 ab*
232 493 384 571 ano¹⁴¹).

248 593 366 653 Deinde
381 592 585 658 Quintilianus
599 592 656 666 IX,
673 598 701 665 4,
719 593 758 652 75
781 592 984 670 reprehendit,
1008 593 1086 674 quod
1110 593 1239 653 trimetri

164 697 295 757 clausula
315 696 348 755 in
370 697 530 772 Ligariana
551 695 717 757 invenitur:
748 695 822 767 ,Sed
841 698 925 754 initia
947 697 1038 754 r'ra‘tz'rs
1060 715 1115 754 noa
1138 714 1239 753 conae-

163 802 248 859 m‘aat
351 818 403 858 aea
425 799 575 858 clausulae
598 799 755 869 clausulis,
789 808 822 856 ut
844 800 943 856 Cicero
973 800 1043 873 ‘Quo
1065 817 1108 856 me
1131 807 1239 856 emtam

163 902 268 961 ποιεῖθ’
291 903 369 981 (Lig.
387 901 427 979 1),
452 904 505 980 qai
525 903 651 960 trr'metrr'
661 901 739 978 finis
760 908 830 959 eat!
873 900 1014 981 Denique
1035 901 1113 960 hano
1134 900 1238 958 addam

165 1004 323 1064 olausulam
351 1005 539 1064 diiambioam
567 1003 713 1082 disyllaba
732 1022 807 1065 ,voee
835 1005 1049 1064 eonformatam
1075 1003 1118 1080 (v.
1140 1002 1239 1062 wast.

164 1127 192 1183 p.
210 1113 250 1166 63
263 1107 342 1189 sqq.)
364 1108 431 1183 Lig.
447 1113 487 1166 20
509 1109 626 1166 senatui
645 1107 762 1165 neeesse
778 1109 862 1165 ertit:
887 1125 1066 1186 quamquam
1087 1105 1241 1167 invenitur

164 1207 196 1266 in
219 1209 333 1270 minore
355 1212 496 1269 membro.
541 1209 680 1269 Ceterum
701 1228 769 1268 eum
794 1209 827 1267 in
849 1209 896 1269 his
912 1208 1097 1269 orationibus
1119 1213 1165 1270 tot
1186 1228 1238 1268 ne·

164 1311 332 1387 glegentiae
361 1313 510 1389 exempla,
541 1330 667 1390 quornm
695 1329 836 1370 numerus
857 1311 983 1370 fortasse
1005 1315 1105 1386 potest
1126 1312 1237 1386 augeri,

163 1419 333 1487 ooourrant,
355 1413 456 1473 neseio
478 1434 550 1473 num
572 1413 689 1473 medela
710 1412 848 1492 quamvis
868 1412 949 1473 faoili
972 1433 1048 1489 opus
1070 1414 1125 1486 sit,
1148 1434 1238 1495 quarn

164 1515 299 1576 Wiistius
315 1516 444 1588 adhibet,
467 1520 501 1576 ut
516 1516 581 1590 Lig.
599 1521 639 1573 29
655 1516 780 1590 effugiat
802 1516 962 1574 diiambum
985 1515 1142 1592 ,ignovtrit
1156 1521 1239 1577 sdis‘:

164 1616 238 1697 quin
260 1618 349 1676 etiam
370 1618 444 1676 illud
468 1619 614 1678 contendo
637 1618 703 1677 Dei.
721 1624 760 1676 24
784 1618 932 1678 clausulae
949 1619 1068 1697 quidem
1090 1617 1236 1679 rationem

164 1740 224 1779 non
239 1725 350 1794 votare,
374 1739 412 1779 ne
428 1721 570 1797 seriptum
586 1740 603 1780 a
619 1721 760 1781 Cicerone
782 1721 825 1780 sio
846 1726 984 1798 putemne
1006 1720 1123 1794 ,Alieno
1138 1728 1237 1782 autem

162 1840 180 1879 a
201 1827 232 1882 te
253 1822 351 1882 animo
368 1843 427 1903 quo
442 1823 529 1882 modo
552 1823 653 1896 luiti‘,
678 1843 736 1903 quo
760 1823 796 1882 de
818 1823 883 1883 loeo
907 1822 1043 1884 Wiistius
1064 1843 1095 1900 p.
1112 1829 1152 1883 64
1168 1825 1236 1886 adn.

163 1944 223 1983 non
245 1930 326 1984 reete
340 1925 459 1987 videtur
481 1925 640 1999 rettulisse,
663 1943 739 2004 quae
754 1926 919 2001 praebeant
933 1926 1059 1998 oodioes,
1081 1925 1155 2006 quid
1170 1945 1238 1985 sen-

162 2026 239 2086 tiant
260 2027 388 2088 editores
410 2028 492 2105 (vido
513 2027 627 2087 Halmii
652 2027 720 2087 adn.
743 2027 832 2105 erit).

248 2129 305 2189 Sed
326 2134 361 2188 ut
375 2134 471 2190 totum
492 2132 549 2189 hoo
565 2135 655 2206 eaput
676 2131 794 2189 tandem
817 2129 977 2206 perfioiam,
1000 2130 1043 2190 sie
1058 2129 1238 2206 eompleotar

163 2251 257 2291 meam
287 2233 480 2293 sententiam:
511 2218 662 2293 orationes
689 2252 743 2309 pro
772 2231 903 2305 Milone,
936 2253 990 2310 pro
1013 2232 1150 2309 Ligario,
1181 2253 1236 2310 pro

164 2334 305 2393 Deiotaro
319 2334 390 2410 ¹⁴²)
411 2335 515 2406 habb.‚
539 2335 619 2414 quod
640 2334 760 2413 quidem
783 2335 892 2394 attinet
912 2336 949 2394 ad
971 2354 1143 2408 numerum,
1174 2335 1237 2394 exi·

164 2435 255 2494 mium
278 2437 426 2516 quendam
447 2436 545 2496 looam
568 2437 704 2496 obtinere
726 2454 842 2497 aenaea.

249 2539 313 2598 Nee
333 2557 405 2600 vero
428 2538 577 2598 discedere
599 2540 637 2598 ab
660 2539 717 2597 hoe
738 2539 836 2616 eapite
858 2559 991 2616 possum,
1021 2539 1079 2599 nisi
1101 2540 1185 2616 prius
1205 2541 1237 2600 id

164 2642 351 2704 affirmavero
379 2660 425 2701 me
452 2643 523 2702 huie
551 2642 754 2702 secundariam
782 2645 898 2702 tantum
926 2643 1073 2722 quandam
1095 2643 1156 2705 vim
1183 2644 1237 2703 tri-

165 2745 257 2806 buere
278 2747 315 2805 ad
337 2746 527 2806 iudicandum
550 2764 644 2822 genus
666 2745 783 2805 dieendi
806 2751 893 2808 orata
908 2765 963 2823 pro
978 2745 1098 2822 Ligario
1121 2751 1152 2806 et
1171 2745 1239 2805 Dei.

163 2847 328 2908 habitarum
359 2867 415 2908 neo
437 2848 558 2908 omnino
581 2849 618 2907 do
639 2867 829 2907 numerorum
857 2848 974 2908 ratione
1003 2849 1036 2907 in
1057 2847 1106 2907 his
1128 2847 1236 2909 oratio-

164 2951 253 3010 nibus
270 2951 430 3027 oonspioua
450 2950 592 3010 iuditium
614 2951 743 3010 laturum
764 2950 865 3024 luisse,
887 2950 945 3010 nisi
960 2951 1020 3010 iam
1034 2969 1073 3009 ex
1087 2950 1237 3027 prioribus

163 3052 252 3110 huius
274 3053 489 3114 dissertationis
511 3052 658 3130 oapitibus
679 3055 818 3113 effoetum
838 3054 1017 3113 oensnissem
1039 3052 1120 3112 aliud
1142 3073 1236 3130 genus

164 3155 280 3216 dicendi
303 3157 335 3214 in
357 3156 404 3216 his
426 3161 515 3236 atque
536 3155 568 3214 in
585 3155 691 3216 asteris
713 3155 899 3217 orationibus
915 3155 1087 3216 Oioeronem
1109 3160 1236 3216 assenta-

163 3263 226 3318 tum
248 3278 322 3319 osse.

233 3415 293 3473 141)
311 3413 444 3460 Praeterea
461 3412 536 3469 haee,
564 3425 626 3470 quas
644 3409 725 3458 minus
743 3411 870 3459 offendant
886 3411 1012 3470 exempla,
1038 3407 1095 3457 addi
1118 3415 1235 3469 possunt:

163 3496 259 3546 111117
278 3497 379 3545 avitare
396 3498 530 3544 manerent.
568 3495 884 3556 Lig.aqu1deaprsbas?
920 3497 952 3545 dd
970 3495 1069 3543 mdhoe
1079 3493 1235 3546 meminisse.

233 3578 293 3647 142)
310 3584 349 3631 Da
366 3582 525 3631 Marcelliano
541 3581 599 3630 vida
616 3581 687 3629 infra.
