2752 4620
582 253 797 321 ..55-

153 412 301 490 aptiorem
327 411 399 488 eligi
427 428 514 488 posse
542 411 610 491 quis
640 415 686 470 est
713 409 765 490 qui
792 429 853 468 non
874 408 992 468 videet?
1014 441 1056 453 -
1077 409 1166 486 plano
1188 409 1224 468 ad

152 516 294 593 optimam
315 517 455 577 accedere
477 514 643 575 orationum
666 513 789 574 classem
810 513 877 571 luce
892 498 998 588 ‘potest
1020 511 1085 570 lieri
1106 511 1224 571 elesius.

238 623 282 679 Ae
303 619 431 696 primum
453 617 573 697 quidem
596 617 814 678 animadvertas
836 632 956 695 quaeso,
979 631 1056 692 quse
1071 612 1136 689 ipse
1151 614 1225 673 wu-

152 720 227 782 etius
248 741 278 799 p.
295 720 334 779 76
357 721 497 780 disserat:

284 823 400 900 ‚Atque
421 824 450 880 in
469 823 565 898 pucina
588 822 680 880 classe
703 820 927 898 (disyllabus
949 837 1030 877 uoces
1052 821 1082 876 in
1095 816 1162 893 fine
1176 837 1227 875 cs·

218 923 360 1000 „didente)
382 925 510 982 rationes
531 942 710 982 numerorum
730 941 869 1000 perquam
891 923 1018 991 careant,
1043 923 1086 978 ita
1100 919 1223 996 quidem,

220 1035 273 1099 „ut
293 1029 329 1084 in
351 1025 494 1085 duodus
519 1026 719 1103 prioribus
737 1024 907 1102 periodis
928 1021 1225 1082 descendentium

187 1126 189 1133 ’
217 1127 425 1202 „dimidium
439 1128 525 1207 sene
544 1136 688 1206 purtem
712 1126 896 1205 efficiant
916 1125 1169 1195 ascendentes,
1196 1127 1225 1182 in

216 1240 364 1304 „camena
386 1241 489 1290 contra
512 1233 605 1291 illae
626 1231 686 1288 itis
708 1238 935 1308 superentur
957 1229 1028 1288 adeo
1049 1233 1197 1287 nanucf‘

151 1336 261 1398 Nonus
275 1333 390 1410 mirum,
415 1337 494 1415 quod
516 1335 548 1393 in
564 1334 642 1395 Phil.
657 1333 734 1393 XIV
756 1353 858 1392 rursus
879 1333 937 1391 hee
958 1331 1019 1391 illis
1040 1331 1060 1390 i.
1076 1349 1100 1389 e.
1124 1350 1225 1390 ascen·

151 1438 255 1497 dentes
277 1438 524 1498 descendentibus
545 1441 724 1514 superantur
745 1454 868 1495 numero
883 1432 978 1510 ¹³⁷)?
1021 1434 1133 1493 Eadem
1161 1433 1225 1493 lere

151 1540 285 1601 condicio
308 1541 341 1598 in
362 1540 455 1600 classe
478 1539 762 1619 quadrisyllaberum
786 1539 926 1614 apparet:
948 1555 1015 1595 oum
1034 1535 1067 1594 in
1090 1535 1224 1595 oratione

150 1660 178 1717 p.
195 1639 262 1700 Dei.
277 1641 345 1700 hab.
368 1642 442 1701 haec
464 1641 503 1700 sit
525 1641 767 1702 descendentium
791 1643 821 1699 ot
843 1637 1067 1707 ascendentium
1089 1638 1223 1698 condicio

153 1746 202 1814 25,
221 1742 351 1814 7:1e,u
361 1787 369 1815 ,
390 1742 423 1801 in
446 1742 524 1800 Phil.
540 1742 616 1800 XIV
637 1741 705 1800 talis
728 1748 788 1801 est:
813 1743 1037 1816 35,8:11,5‚
1061 1758 1152 1819 quere
1173 1760 1223 1799 su·

151 1848 236 1919 perat
263 1842 337 1901 adeo
366 1844 514 1902 orationes
542 1844 574 1902 in
596 1845 660 1903 (lat.
690 1847 754 1918 (32,
771 1850 790 1900 4
807 1864 814 1902 :
834 1846 880 1916 10,
898 1841 929 1918 8)
952 1842 1040 1902 habb.
1062 1847 1094 1902 et
1115 1848 1225 1922 aequat

149 1944 213 2004 lere
236 1944 420 2019 capsella
440 1946 508 2005 hab.
532 1946 595 2023 (34,
615 1949 630 2004 7
649 1966 656 2004 :
672 1951 701 2019 9,
717 1945 759 2022 t).

235 2045 350 2106 Maiore
371 2048 461 2109 etiam
482 2067 556 2109 voce
579 2049 709 2108 omnium
725 2048 1011 2130 quadrisyllsbamm
1035 2069 1148 2108 summa
1165 2049 1222 2110 clo-

150 2146 250 2221 mitat,
274 2168 349 2228 quae
373 2151 491 2229 quidem
514 2152 546 2211 in
569 2151 647 2210 Phil.
667 2150 742 2211 XIV
765 2170 919 2210 numerum
941 2150 1025 2225 47,3
1050 2152 1167 2228 explet,
1190 2157 1224 2213 ut

149 2250 223 2310 adeo
254 2270 296 2311 or.
319 2272 349 2328 p.
372 2252 442 2330 imp.
465 2255 569 2331 Pomp.
591 2255 662 2313 hab.
691 2254 761 2329 (46,
789 2253 817 2330 1)
847 2261 975 2330 superet.
1019 2255 1114 2313 Plane
1143 2255 1222 2314 idem

150 2351 284 2428 singulae
307 2374 426 2434 quoque
449 2357 591 2435 quaedam
615 2356 763 2415 clausulae
785 2375 840 2415 uos
862 2357 981 2416 docent:
1009 2357 1148 2418 omnibus
1170 2377 1223 2416 no·

150 2458 214 2514 mm
243 2455 284 2515 sit
311 2457 482 2518 Ciceronem
511 2479 551 2518 ex
579 2459 717 2519 omnibus
745 2457 886 2517 clausulis
916 2458 1045 2517 maxime
1071 2461 1222 2520 adamasse

150 2555 352 2618 ditrochaeum
368 2564 399 2621 et
413 2562 606 2639 compositam
621 2562 768 2640 quandam
784 2561 873 2620 huius
885 2561 998 2620 formae
1013 2560 1084 2639 (ῥυ
1097 2559 1101 2642 l
1113 2592 1222 2620 coms

150 2657 197 2733 (ut
218 2679 311 2733 ,esse
332 2663 537 2740 videatur‘)
566 2664 734 2724 clausulam.
780 2663 859 2727 Quid
882 2664 961 2743 quod
984 2663 1221 2724 ditrochaeus-um

149 2780 272 2823 numero
303 2764 473 2842 Philippica
494 2766 570 2824 XIV
597 2765 667 2844 (21,
688 2767 719 2842 3)
749 2766 798 2826 vel
827 2765 992 2825 orationem
1023 2766 1050 2824 d.
1074 2767 1145 2843 imp.
1168 2769 1220 2826 On.

149 2863 254 2941 Pomp.
277 2865 345 2926 hab.
369 2866 437 2946 (20)
465 2874 600 2946 superat,
632 2887 708 2949 quas
730 2876 761 2927 ct
782 2868 847 2945 ipss
875 2868 930 2927 hec
951 2886 984 2927 re
1006 2868 1085 2928 inter
1107 2873 1220 2929 ceteras

149 2965 279 3043 optimae
307 2973 395 3028 uotae
424 2971 574 3031 orodonas
603 2967 747 3030 excellat?
791 2969 923 3031 Altssius
947 2989 1017 3030 vero
1038 2971 1119 3030 modi
1141 2971 1221 3032 clau·

149 3066 280 3127 salarum
309 3089 432 3131 numero
462 3073 583 3150 (nempe
606 3073 633 3146 7,
651 3073 682 3150 9)
710 3073 789 3132 Phil.
805 3073 881 3131 XIV
903 3091 991 3153 quam
1013 3074 1151 3150 proxime
1172 3095 1219 3136 ac·

149 3168 228 3228 cedit
248 3170 356 3232 iterum
378 3175 414 3232 ad
437 3194 478 3234 or.
502 3194 532 3251 p.
548 3175 618 3252 imp.
634 3177 738 3251 Pomp.
757 3175 825 3234 hab.
849 3175 903 3252 (8),
927 3195 1003 3255 quae
1025 3182 1055 3236 et
1076 3176 1143 3253 ipsa
1164 3179 1221 3237 hac

147 3272 180 3332 in
195 3292 227 3334 re
241 3276 321 3334 haud
336 3275 469 3336 infimum
484 3283 568 3339 tenet
589 3278 694 3338 locum.
739 3277 867 3337 Exstant
883 3285 982 3338 autem
999 3279 1057 3337 hee
1072 3280 1220 3340 clausulae

148 3378 235 3458 (Qun
253 3376 259 3462 Ι
276 3380 398 3457 xcv-v)
420 3380 515 3441 inhia
530 3379 582 3461 §51
600 3386 629 3441 5.
646 3386 674 3440 9.
696 3386 741 3440 10.
764 3385 809 3440 12.
830 3382 1219 3462 14.l7.18·20bl8¹⁸⁸).

150 3486 199 3540 21.
216 3486 266 3540 31.
284 3486 334 3541 32.
352 3488 402 3543 34.
1028 3497 1043 3522 '

233 3583 316 3643 Haeo
331 3586 489 3660 sufficient,
513 3588 609 3660 credo,
632 3588 726 3661 adid,
749 3587 829 3665 quod
852 3585 997 3659 volumus,
1020 3588 1218 3663 probandum:

147 3685 226 3744 Phil.
241 3685 317 3745 XIV
340 3688 469 3762 optimae
492 3687 577 3749 classi
600 3707 664 3747 esse
685 3689 905 3748 ascribendam:
935 3707 995 3748 una
1017 3695 1114 3750 sutem
1144 3692 1218 3754 illud

147 3787 338 3865 probavimus
360 3808 475 3848 oausam
499 3790 731 3851 differentiarum
755 3791 833 3851 inter
855 3791 986 3868 singulas
1008 3794 1156 3855 crationes
1171 3797 1217 3855 ci-

217 3943 277 4008 ld'l)
295 3949 393 3991 exstant
410 3943 475 3991 enim
491 3945 652 3993 ucendsntes
671 3948 694 4004 6,
714 3947 727 3993 t
746 3947 771 3993 in
789 3947 906 4005 centems,
924 3948 1099 3995 descendentes
1118 3952 1141 4008 8,
1162 3951 1186 3996 d.

216 4027 275 4096 tea)
293 4030 416 4078 Nimirum
434 4031 490 4078 duis
506 4031 579 4079 huius
596 4032 746 4093 paragraphi
770 4038 826 4093 post
845 4034 916 4095 pects
940 4031 1051 4081 mimicus
1074 4035 1218 4082 statuendae

146 4120 184 4165 eet
201 4115 285 4182 (aliter
302 4116 455 4178 interpungit
471 4116 603 4181 KlotaIns).
