2724 4628
570 238 782 304 ..56-

140 395 313 456 neronianas
335 395 582 456 intercedentium
605 414 678 469 eam,
702 415 790 476 quam
810 394 911 455 attulit
926 391 1061 454 Wiistius
1083 390 1218 467 generali

142 499 271 578 quodam
295 517 334 558 ex
355 499 420 558 loco
445 499 646 576 desumptam,
668 498 732 557 fere
754 497 866 557 nnllam
887 515 959 556 esse.
1003 494 1102 554 Aliam
1123 492 1219 568 igitur

143 619 284 660 conemur
298 601 439 678 reperire.
484 604 583 680 Atque
598 600 627 658 id
643 600 763 679 quidem
778 600 837 658 iam
852 599 910 659 erit
931 598 1119 675 perspicuum
1134 596 1219 657 Oica·

140 722 254 776 ronam,
277 723 343 762 cum
358 706 487 762 mutaret
501 702 698 778 componendi
721 701 875 774 rationem,
898 701 929 760 id
943 701 1051 760 fecisse
1066 720 1127 759 non
1142 719 1218 779 quo·

140 804 221 865 niam
236 804 328 864 semel
343 810 450 865 natura
463 805 543 865 vitae
567 803 714 863 humanae
728 804 789 864 tale
802 804 871 875 fert,
893 804 945 863 sed
960 802 1095 863 consulto
1112 806 1219 864 certa

140 907 270 987 aliqua
293 925 403 967 causa
424 910 650 983 permotum.

228 1009 294 1073 Qua
315 1009 348 1066 in
370 1008 578 1084 investiganda
607 1027 714 1084 magno
742 1010 868 1070 fortasse
895 1008 1064 1068 adiumento
1087 1007 1158 1080 erit,
1191 1007 1219 1067 si

143 1113 228 1191 prius
249 1113 327 1170 hano
342 1111 544 1190 quaestionem
568 1113 786 1187 peregerimus:
808 1132 879 1171 num
895 1110 1031 1171 Wiistius
1046 1111 1078 1168 in
1093 1109 1218 1168 circnm-

144 1214 308 1275 soribendis
326 1215 387 1273 suis
403 1213 544 1273 classibus
567 1218 647 1274 recte
668 1214 802 1291 posuerit
823 1214 974 1273 terminos.
1020 1215 1119 1293 Atque
1133 1211 1219 1271 illum

143 1317 276 1395 quidem,
309 1335 398 1395 quem
420 1315 499 1375 inter
523 1316 663 1375 Verrinas
685 1323 715 1376 et
738 1336 780 1375 or.
803 1318 831 1378 d.
854 1317 924 1392 imp.
948 1317 1000 1376 On.
1023 1318 1127 1391 Pomp.
1149 1313 1219 1372 hab.

141 1417 329 1493 interposuit,
351 1418 416 1477 iura
440 1437 504 1477 esse
526 1419 656 1495 positum
679 1438 782 1478 omnes
803 1418 891 1478 facile
914 1419 1089 1478 concedunt.

228 1518 393 1579 Sestianam
416 1539 488 1580 vero
511 1522 591 1580 haud
610 1520 731 1580 difficile
754 1521 794 1581 sit
815 1522 944 1598 probatu
966 1521 1143 1598 optimarum
1165 1538 1217 1594 po·

142 1621 202 1682 tius
218 1622 385 1682 orationum
402 1622 487 1684 classi
511 1642 575 1682 esse
597 1623 810 1684 ascribendam.
854 1625 892 1682 Id
907 1624 987 1703 quod
1001 1623 1130 1682 libenter
1145 1621 1219 1679 mihi

144 1725 302 1797 concedes,
337 1725 362 1784 si
397 1724 607 1803 disyllaborum
642 1731 672 1786 et
703 1725 990 1805 quadrisyllabarum
1024 1725 1220 1785 clausularum

144 1846 273 1887 summas
303 1846 358 1887 nee
387 1848 448 1887 non
478 1827 795 1907 quinquesyllabarum
817 1827 1011 1904 compararis,
1042 1829 1066 1887 si
1090 1847 1166 1908 quae
1187 1828 1221 1886 in

143 1929 237 1989 classe
267 1929 478 2008 disyllabarum
500 1949 606 1991 vocum
634 1930 713 1989 inter
742 1931 934 1990 ascendentes
957 1934 987 1989 et
1009 1930 1222 1991 descendentes

146 2031 222 2092 ratio
238 2031 410 2106 intercedat,
435 2033 506 2093 satis
522 2032 719 2109 perspexeris,
742 2032 767 2092 si
789 2033 821 2091 in
844 2032 989 2092 clausulas
1011 2031 1139 2092 dochmii
1160 2032 1221 2091 for-

144 2154 222 2193 mam
244 2153 316 2212 prae
339 2154 370 2195 se
392 2134 524 2195 ferentes
546 2135 676 2195 animum
698 2134 953 2215 intenderis1³⁹),
977 2135 1106 2216 donique
1129 2135 1154 2196 si
1176 2135 1221 2194 di·

144 2238 351 2297 trochaeorum
381 2256 419 2296 ex
442 2238 670 2317 quadrisyllabis
700 2238 872 2299 effectorum
901 2258 1058 2299 numerum
1088 2244 1134 2299 sat
1161 2257 1222 2296 am·

146 2336 227 2414 plum
259 2338 476 2415 contemplatus
497 2340 563 2397 eris.

231 2438 280 2498 Sic
301 2441 327 2500 si
346 2441 505 2500 terminum
528 2441 684 2502 statuimus
707 2439 827 2517 (nempe
842 2441 910 2515 post
924 2439 1089 2499 Sestiauam
1104 2442 1221 2499 demum

147 2541 277 2618 optimae
306 2543 421 2619 periodi
445 2543 533 2602 finem
557 2562 710 2603 censemus
733 2539 823 2618 csse),
855 2541 963 2601 lucrari
994 2541 1081 2602 nobis
1109 2541 1222 2621 aliquid

146 2643 295 2718 videmur,
328 2646 407 2725 quod
436 2644 522 2704 valde
552 2644 758 2704 desideremus.
803 2644 891 2704 Nune
913 2644 992 2702 enim
1014 2644 1101 2704 facile
1124 2648 1223 2721 potest

146 2745 284 2823 perspici,
308 2767 372 2806 cur
387 2747 487 2807 Cicero
503 2746 698 2822 componendi
721 2747 867 2808 rationem
889 2746 921 2806 in
944 2747 1029 2824 peius
1052 2744 1222 2807 mutaverit.

148 2848 225 2906 Nam
247 2850 363 2908 duobus
385 2850 471 2908 modo
498 2849 584 2910 annis
613 2854 682 2908 ante
705 2869 793 2929 quam
816 2850 1011 2909 Milonianam
1035 2848 1154 2925 scripsit
1176 2845 1222 2905 Oi-

150 2969 225 3023 cero,
249 2951 403 3012 Vatinium
427 2956 530 3013 contra
551 2953 586 3011 L.
602 2951 750 3012 Licinium
773 2951 896 3013 Oalrum
919 2952 1008 3027 longe
1030 2949 1222 3027 praestantis-

149 3051 256 3110 simum
278 3072 317 3112 ex
340 3053 476 3114 omnibus
497 3074 577 3116 nova
598 3054 766 3114 Atticorum
791 3053 951 3130 disciplina
979 3053 1101 3112 imbutis
1124 3055 1222 3110 orato·

149 3153 232 3214 ribus
254 3154 387 3215 defendit
409 3155 446 3232 (a.
465 3156 525 3234 54).
569 3157 615 3214 De
634 3155 819 3215 orationibus
841 3159 948 3226 autem,
972 3173 1045 3234 quas
1061 3153 1169 3214 Calvus
1190 3152 1223 3211 in

149 3254 245 3315 causis
267 3256 436 3317 Vatinianis
457 3257 570 3331 habuit,
593 3257 661 3318 vide
685 3276 760 3336 quae
776 3254 1024 3316 Wilamow'itzius
1046 3255 1111 3313 loco
1134 3273 1225 3330 supra

150 3358 268 3420 laudato
289 3360 416 3421 iudicat:
440 3359 579 3430 ,Freiliclr
603 3379 663 3417 war
687 3361 785 3417 Cicero
808 3359 920 3416 damula
942 3359 971 3413 in
993 3358 1097 3414 acinam
1121 3357 1224 3432 aegaea

222 3579 282 3644 139)
300 3583 339 3629 De
357 3596 406 3641 qua
423 3595 449 3629 re
469 3595 499 3628 en
517 3580 571 3640 ipse
583 3579 695 3627 Wiistins
713 3579 797 3626 dicens
815 3576 849 3642 (p.
864 3575 922 3642 63);
941 3577 1072 3624 Dochmius
1089 3578 1133 3636 qui
1149 3577 1225 3638 sequi-

152 3674 191 3712 tur
209 3667 234 3712 iu
251 3673 299 3712 toto
323 3668 485 3714 clausularum
509 3680 605 3712 numero
630 3666 775 3726 aiupularum
797 3664 914 3724 quendam
938 3664 1015 3710 locum
1037 3662 1084 3710 aidi
1104 3663 1225 3709 uindicat:

152 3768 208 3799 mam
226 3766 277 3797 oum
294 3751 320 3797 ia
337 3753 427 3798 arcobus
445 3751 569 3812 pacatas
589 3753 698 3812 parabulis
715 3753 771 3812 fore
795 3749 952 3810 aquabantur
976 3749 1012 3795 ita
1038 3754 1170 3809 appareat,
1198 3751 1224 3792 ut

153 3839 223 3886 unius
240 3851 360 3883 aurearum
373 3839 515 3896 paulojara
533 3838 677 3896 epredwtur,
703 3838 778 3884 iude
804 3835 1017 3882 adoratione
1037 3829 1223 3895 productio

153 3926 203 3971 acl
220 3923 370 3971 aimuoa'a
394 3923 467 3968 iuda
491 3924 698 3970 adoratione
717 3939 778 3982 pro
797 3921 917 3968 Milone
935 3919 1052 3967 habita
1069 3919 1129 3966 adeo
1146 3929 1223 3963 corro-

154 4011 264 4067 boratur,
289 4015 314 4054 ut
330 4020 451 4054 numerum
468 4008 594 4064 quinarum
618 4007 806 4054 iterationibus
825 4011 1044 4066 postsequuntur,
1071 4004 1097 4050 iu
1114 4000 1222 4048 cratim

150 4110 199 4157 pro
215 4108 269 4155 rape
287 4093 402 4141 Deiotaro
419 4091 480 4140 adeo
496 4107 577 4139 amem
594 4094 725 4154 compleat·
