2752 4620
579 219 791 284 ..19-

236 375 280 432 Ac
301 373 332 431 in
355 375 539 444 Ligariana
562 373 681 452 quidem
703 377 759 434 hos
780 375 950 436 invenimus
969 376 1152 454 tropae⁷⁷):

236 473 300 553 51.
335 476 446 532 Nouum
469 479 594 547 crimea,
629 479 661 534 C.
682 479 806 546 Caesar,
839 487 868 534 et
888 487 957 536 ante
978 479 1053 535 duae
1075 479 1145 537 daem
1169 499 1224 537 aaa

149 576 351 653 audituram).
387 575 441 655 58
465 578 568 636 delham
592 583 714 637 eaarst't.
740 579 811 638 ibid.
836 599 938 638 caecus
961 583 1056 637 temer.
1080 581 1150 640 ibid.
1175 583 1224 639 do-

149 698 222 736 mum
244 679 450 756 1111111119).
483 681 555 739 ibid.
580 691 664 758 alque
686 683 736 740 ille
758 701 813 739 coa
836 683 972 740 medriocri
993 684 1152 760 cupiditate
1173 703 1224 742 ar-

149 783 242 856 ripuit
263 783 410 857 imperium
423 781 486 856 ⁸0).
524 781 578 860 56
602 793 710 860 quanta
734 784 786 841 lua
809 783 995 841 liberalitatis
1017 794 1046 841 et
1065 789 1226 862 saptentiae

150 891 215 939 tuae
245 884 316 940 mito·
343 886 422 960 apud
451 895 478 942 te
507 887 615 963 ds'eealr'
642 885 803 944 aberratur.
850 884 867 963 5
890 891 907 942 8
938 887 985 944 uel
1011 888 1087 964 qraod
1114 889 1224 947 laudem

149 985 340 1042 adredeseealo's
359 990 520 1064 propinqui
531 991 662 1046 eao'sls'mo
685 991 769 1045 ettam
792 988 832 1045 ad
852 1007 940 1045 merem
956 989 1076 1066 aliquem
1091 989 1224 1068 fructum

149 1086 320 1144 redundare.
352 1086 403 1165 59
430 1091 505 1164 Quid
524 1093 597 1148 enirn
622 1100 686 1148 tuus
709 1091 769 1160 ille,
798 1090 919 1160 Tubero,
946 1094 1099 1150 restrictus
1116 1098 1146 1151 o'u
1162 1097 1225 1152 acze

149 1188 321 1247 Pharsalica
340 1191 457 1265 gladius
473 1192 602 1267 agebat?
624 1195 705 1250 curus
728 1194 804 1250 latus
826 1194 877 1250 ille
899 1212 996 1251 mucro
1016 1194 1154 1270 petebat?
1175 1199 1228 1273 qui

147 1311 247 1350 sensus
268 1302 334 1350 erat
351 1312 495 1351 armorum
515 1300 650 1352 tuorum?
670 1297 712 1354 ib.
736 1297 823 1352 o'sdem
842 1298 872 1352 ia
890 1299 979 1353 armis
993 1294 1057 1374 sui.
1083 1295 1150 1374 511
1177 1318 1225 1356 us-

147 1415 202 1471 que
223 1397 262 1452 ad
282 1398 449 1471 sangumem
473 1398 602 1455 siscitari.
638 1396 713 1474 513
743 1401 772 1454 s'a
794 1405 922 1454 nostrum
943 1399 1048 1476 fletum
1072 1403 1221 1477 irrumpis.

149 1496 221 1575 517
245 1499 357 1556 Fatalis
379 1500 515 1574 quaedam
538 1501 688 1557 calamitas
711 1500 846 1558 s'acide'sse
868 1499 980 1557 uidetur
1001 1510 1030 1557 et
1050 1503 1224 1579 improuidos

150 1600 293 1657 dometium
317 1611 421 1658 mentes
444 1605 627 1678 occupavisse
640 1601 702 1678 81).
728 1601 744 1678 5
763 1606 799 1659 18
824 1612 877 1660 aut
893 1612 942 1660 tua
961 1603 1031 1680 quid
1046 1603 1129 1660 aliud
1141 1624 1222 1662 arma

148 1703 310 1760 uoluerunt.
351 1701 585 1780 5224111111
609 1723 702 1761 arcem
734 1707 855 1760 omnium
883 1706 1109 1781 prouinciarum.
1147 1704 1222 1781 584

151 1822 303 1861 cousensus
325 1806 479 1882 conflatus.

219 2023 261 2086 77)
279 2026 382 2072 Veniam
400 2041 439 2072 me
457 2041 529 2086 spero
546 2027 740 2086 impetraturum,
759 2028 780 2074 si
795 2028 841 2073 hoc
854 2031 896 2073 aut
907 2028 970 2074 illud
983 2031 1122 2088 exemplum
1135 2030 1222 2076 omisi:

148 2127 205 2159 nam
223 2126 278 2158 cum
296 2113 321 2158 in
340 2112 454 2159 omnibus
473 2113 546 2159 rebus
564 2114 605 2160 vel
624 2113 826 2172 diligentissimus
844 2116 964 2161 nonnulla
982 2115 1106 2175 neglegit,
1125 2121 1176 2162 tum
1196 2116 1222 2162 in

147 2198 233 2257 tropis,
253 2198 367 2256 quoniam
386 2198 451 2244 hunc
469 2198 538 2245 illum
557 2200 605 2246 iam
624 2213 673 2245 non
692 2200 810 2246 sentimus
828 2206 926 2259 tropum
945 2215 1014 2258 esse,
1034 2200 1104 2259 quasi
1122 2215 1222 2247 necesse

146 2288 191 2342 est,
211 2284 268 2330 licet
285 2285 359 2330 etiam
378 2288 450 2343 atque
470 2285 543 2330 etiam
561 2286 643 2344 legas,
674 2286 792 2344 quosdam
811 2291 960 2345 praetereas.
998 2286 1069 2345 Quod
1087 2291 1168 2332 tamen
1186 2286 1223 2332 in·

146 2371 301 2417 commodum
325 2370 421 2416 nullam
447 2370 538 2418 habere
563 2372 613 2416 vim
632 2373 663 2417 ad
682 2356 974 2419 summam'traeutionis
993 2386 1077 2419 omnes
1096 2373 1168 2419 facile
1185 2373 1222 2418 in·

144 2457 270 2516 tellegent.

214 2544 257 2604 78)
275 2541 401 2588 Illusionis
413 2543 466 2588 sive
480 2538 609 2603 εἰρωνείας
622 2544 735 2601 exempla
753 2543 816 2589 inter
834 2547 920 2601 tropos
937 2544 1137 2602 numeravimns3
1157 2545 1221 2602 quod

144 2641 203 2674 num
221 2631 288 2674 recte
306 2628 436 2675 fecerimus
454 2628 589 2682 nescimus,
618 2642 673 2674 cum
692 2628 858 2686 Quintilianus
877 2643 906 2674 ea
924 2629 996 2674 simul
1013 2629 1077 2675 inter
1095 2635 1179 2688 tropos
1197 2635 1223 2675 et

144 2713 207 2760 inter
224 2715 317 2772 figuras
336 2713 512 2760 sententiarum
538 2713 629 2761 referat
646 2713 700 2771 IX,
721 2715 751 2770 2,
770 2715 817 2760 441
845 2713 940 2772 „Igitur
965 2709 1080 2774 εἰρωνεία
1103 2720 1222 2771 quaeest

145 2799 259 2856 schema,
278 2797 309 2843 ab
326 2799 385 2855 1111,
412 2812 474 2855 quae
493 2802 531 2844 est
548 2803 647 2856 tropos,
673 2811 761 2856 genere
779 2798 834 2856 ipso
853 2798 914 2843 nihil
931 2797 1061 2843 admodum
1081 2799 1169 2860 distat3
1196 2801 1221 2845 in

144 2888 248 2942 utroque
266 2885 331 2930 enim
348 2882 498 2930 contrarium
525 2884 547 2929 11
566 2883 630 2942 quod
656 2883 758 2938 dieitur,
785 2883 977 2942 intellegendum
996 2888 1033 2929 est
1051 2889 1149 2941 e.q.s.“,
1177 2886 1220 2931 sed

144 2971 201 3017 vide
218 2971 404 3017 Volkmannum
423 2970 497 3016 etiam
514 2970 540 3015 in
558 2969 621 3015 libro
640 2970 678 3015 cui
696 2969 851 3015 inscribitur:
880 2969 1017 3028 „Rhetorik
1036 2970 1079 3016 der
1098 2969 1220 3018 Griechen

144 3057 193 3102 und
211 3056 319 3102 Rdmer“
348 3056 429 3103 18⁷4ss
449 3069 473 3114 p.
486 3057 546 3103 427.
582 3057 666 3114 Ipsum
692 3056 758 3113 quod
782 3057 829 3102 hoc
853 3057 906 3103 loco
932 3057 1057 3103 attulimus
1081 3059 1220 3116 exemplum

143 3143 215 3190 affert
231 3143 296 3188 inter
313 3142 405 3200 figuras
423 3142 602 3189 sententiarum
621 3141 713 3199 Aquila
725 3141 851 3189 Romanus
869 3142 922 3203 57,
941 3142 971 3189 de
984 3156 1032 3201 quc
1050 3143 1108 3190 vide
1126 3143 1220 3191 Halmii

142 3229 249 3276 adnotat.
269 3228 300 3274 ad
317 3233 427 3274 nostrum
445 3228 532 3274 locum.

212 3311 255 3377 79)
274 3312 299 3359 Si
317 3313 415 3371 quidem
433 3313 473 3359 hic
491 3313 559 3359 locus
576 3312 629 3358 iure
647 3312 725 3372 tropis
742 3312 867 3372 inseritur,
885 3313 911 3359 id
924 3313 990 3370 quod
1002 3313 1076 3359 valde
1089 3313 1216 3373 addubito,

143 3400 265 3446 mehercle
281 3399 307 3445 in
326 3413 410 3446 eorum
428 3412 530 3446 numero
548 3404 586 3445 est
603 3398 740 3457 habendus,
759 3399 801 3457 qui
819 3399 939 3457 „docendi
958 3412 1031 3444 causa
1049 3399 1147 3457 sumpti,
1166 3413 1215 3445 non

142 3484 242 3531 ludendi
258 3485 399 3532 videntur“.

210 3567 253 3633 80)
272 3571 328 3617 Huc
345 3571 410 3616 hunc
427 3570 509 3616 locum
527 3574 611 3629 utpote
630 3560 809 3632 ἀντιφράσεως
827 3569 967 3627 exemplum
985 3569 1057 3614 retuli
1076 3569 1216 3630 Tryphonis

141 3655 192 3720 (ap.
212 3655 253 3714 Sp.
272 3656 323 3714 ΙΙΙ,
343 3658 408 3716 204,
427 3653 452 3717 3)
471 3660 569 3703 secutus
587 3655 754 3704 definitionem
772 3656 949 3714 exemplaque,
977 3667 1039 3712 quae
1056 3655 1100 3702 ille
1117 3670 1147 3701 ex
1164 3657 1215 3704 Ho-

141 3755 210 3788 mero
227 3741 330 3801 protert,
349 3755 383 3788 sc.
396 3739 418 3786 Ο
432 3743 479 3787 11:
498 3736 554 3792 ἐπεὶ
572 3732 601 3791 οὔ
622 3757 662 3805 μιν
681 3732 854 3805 ἀφαυρότατος
872 3731 928 3805 βάλ’
946 3731 1062 3798 ’ilerda
1081 3740 1137 3789 eth
1152 3743 1216 3789 330:

141 3819 195 3877 οὐδ’
214 3817 264 3887 ἄρα
281 3821 318 3876 τώ
335 3841 366 3890 γε
384 3822 444 3876 iudo
462 3823 580 3890 γήὲῐησεν
597 3820 736 3891 Ἀχιλλεύς.

210 3908 253 3977 81)
272 3910 347 3957 Cuius
365 3911 471 3970 exempli
489 3911 609 3958 rationem
627 3925 676 3957 non
696 3910 788 3957 habere
806 3910 844 3956 fas
862 3908 933 3956 nobis
947 3924 1001 3957 esse
1019 3911 1141 3970 duximus,
1159 3927 1214 3959 cum

141 3995 213 4044 nobis
230 3997 328 4055 quidem
346 3996 497 4055 persuaserit
514 3996 628 4043 Halmius
654 3997 710 4055 ipsa
734 4009 787 4042 esse
806 3994 918 4042 Caesaris
936 3995 1031 4055 verba,
1061 3996 1149 4055 quibus
1174 3997 1214 4043 hic

141 4083 218 4131 utitur
235 4087 332 4130 orator:
352 4082 410 4130 vide
427 4082 520 4130 Halmii
537 4084 594 4130 adn.
612 4083 644 4129 ad
662 4082 687 4128 h.
701 4083 718 4128 1.

962 4167 1010 4228 2ss
