2724 4628
573 264 786 331 ..33-

145 420 359 479 minitarentur.
405 419 447 492 II,
466 425 504 478 56
527 419 667 478 absentem
691 421 776 479 credo
800 423 829 479 in
849 441 915 481 reos
936 423 1070 492 relatum,
1096 440 1155 480 rem
1179 425 1222 480 in·

141 521 220 580 dicta
249 540 338 580 cansa
370 524 533 582 indicatam.
583 529 621 580 53
651 526 771 582 lictores
793 528 926 584 lanceati
947 560 989 569 —
1011 527 1143 584 homines
1165 530 1221 584 ho-

142 626 219 682 nesti
239 658 281 667 —
303 643 363 684 non
386 634 457 684 noto
487 627 539 685 itta
568 635 597 682 ct
625 628 752 684 molnica
779 630 913 687 nomine.
961 633 999 686 59
1023 629 1168 687 saturavit
1189 645 1222 686 se

142 729 287 802 sangnine
309 729 566 787 attostmzttomorom
591 731 641 789 sni
661 731 772 787 ciaiam.
817 731 876 802 III,
896 737 932 789 18
956 731 990 788 de
1004 732 1103 801 patris
1125 739 1153 786 et
1167 748 1222 800 pa·

143 830 205 887 troi
218 831 390 900 parricidio.
438 835 477 887 20
501 840 706 891 convenerunt
718 834 886 907 conrogati.
934 838 973 890 28
997 835 1026 890 in
1042 833 1222 903 possessione

143 931 286 989 libertatis
307 933 408 1003 pedem
430 935 572 1003 panemos.
620 939 659 991 32
689 953 772 991 rentem
800 943 829 990 et
850 934 921 991 idem
950 937 1104 994 sentientis
1132 951 1222 994 sena-

146 1044 209 1089 tns:
234 1034 331 1095 vitare
354 1035 426 1093 mihi
449 1036 569 1095 videtur
592 1036 695 1095 Cicera
719 1035 962 1096 oblitterationem
986 1056 1052 1096 cum
1074 1037 1106 1095 in
1131 1055 1173 1095 or.
1192 1057 1221 1112 p.

144 1137 213 1194 Dei.
236 1138 265 1195 h.
292 1142 326 1195 ll
360 1157 415 1213 pro
438 1137 490 1196 illa
511 1138 639 1196 formula
666 1140 742 1196 hanc
765 1138 905 1198 adhibeat
934 1148 1062 1208 ,renatas
1088 1159 1220 1197 consen-

146 1240 267 1297 tientis‘.
317 1245 356 1296 33
380 1243 471 1299 wmr's
492 1242 652 1318 animisque
673 1241 833 1298 decernere.
881 1245 920 1298 35
948 1243 1089 1311 impuris
1111 1245 1221 1312 impu·

141 1339 225 1397 dicis.
274 1341 308 1414 V,
327 1346 362 1401 12
378 1345 592 1402 commentariis
603 1344 822 1402 commenticiis.
858 1346 896 1399 19
911 1344 1059 1401 vehemens
1071 1352 1099 1399 et
1109 1345 1220 1401 violen-

143 1451 197 1499 tos.
245 1448 283 1500 24
307 1463 362 1502 non
376 1444 528 1524 profectos
544 1454 597 1514 est,
619 1445 670 1501 sed
682 1442 819 1522 profugit
832 1444 998 1516 paludatus.
1038 1445 1111 1503 ibid.
1135 1447 1220 1503 coins

142 1565 177 1602 ne
195 1555 332 1620 pacatam
349 1549 466 1616 quidem
485 1549 647 1617 nequitiam
667 1549 824 1616 qnisquam
839 1546 925 1624 serre
944 1557 1052 1624 posset.
1101 1552 1139 1604 45
1164 1548 1223 1604 Sed

142 1666 228 1724 saepe
245 1667 332 1724 spero
345 1648 419 1728 fore
436 1651 521 1708 irnins
537 1651 726 1708 ndrclescentis
743 1650 887 1708 hortandi
901 1649 1113 1709 honorandi¹¹
1124 1650 1152 1727 1)
1167 1691 1174 1708 .
1189 1692 1217 1709 ..

138 1759 319 1825 potestatem.
374 1753 413 1809 47
443 1754 606 1812 excellenti
635 1754 805 1828 eximiaque
836 1753 950 1809 vortnt.
1006 1757 1044 1808 51
1079 1754 1221 1812 memorio

143 1861 265 1910 maneat
279 1857 434 1912 domestici
446 1855 570 1914 doloris.
616 1855 691 1914 ibid.
707 1857 826 1912 maiora
844 1863 872 1912 et
886 1855 1012 1914 meliora
1030 1856 1066 1914 of.
1080 1855 1167 1927 VIII,
1184 1860 1220 1912 10

141 1955 235 2013 molti
247 1958 374 2015 meliora
391 1966 474 2033 otqne
490 1960 621 2016 maiora.
669 1957 720 2029 VI,
738 1963 756 2013 9
776 1966 809 2014 nt
825 1977 879 2033 ega
895 1958 971 2015 niln'l
983 1959 1089 2037 sedisse
1105 1959 1217 2028 videar,

141 2066 240 2115 vertat
261 2078 293 2119 se
315 2069 343 2115 et
365 2062 484 2119 serratni
499 2069 614 2135 pareat.
662 2060 730 2133 VH,
756 2066 794 2118 25
818 2081 853 2117 ne
875 2079 930 2130 spe
950 2062 1115 2130 praesentis
1137 2063 1222 2130 pocis

68 2228 72 2234 .
140 2168 315 2228 perpetuam
338 2181 440 2233 pacem
464 2165 615 2220 amittatis.
663 2162 748 2236 VIII,
772 2169 789 2220 8
803 2161 947 2241 fortunas
969 2171 1086 2219 nostras
1108 2165 1218 2232 partim

142 2259 265 2332 dissipet
292 2267 401 2335 partim
432 2267 590 2336 inspectent
618 2266 790 2335 parricidis.
839 2270 878 2322 20
910 2273 976 2322 onte
998 2282 1034 2322 os
1056 2264 1220 2338 oculosque.

147 2368 183 2420 21
201 2367 309 2423 retecti
322 2369 511 2425 revertissent
524 2368 830 2442 renurrtiaarssentqnc.
877 2367 916 2437 X,
936 2371 953 2422 8
973 2367 1007 2422 de
1021 2382 1098 2441 paee
1114 2374 1141 2422 et
1151 2382 1222 2423 oon·

144 2467 246 2525 cordio
257 2469 576 2543 croinmaogitantiarn.
627 2473 663 2526 13
685 2468 760 2544 qnod
770 2470 809 2526 di
820 2469 908 2527 dnint
921 2466 1024 2543 (dent).
1072 2471 1110 2523 21
1131 2468 1222 2525 arran

145 2571 304 2646 animisque
314 2569 455 2649 infestam
466 2572 683 2647 inimicamque.
722 2570 780 2642 XI,
792 2575 811 2627 4
827 2571 972 2628 dicecere
986 2588 1022 2626 ac
1037 2571 1171 2644 diripere
1182 2602 1222 2610 -

145 2689 163 2728 a
191 2672 285 2730 redita
314 2673 475 2751 refrenavit
498 2705 537 2715 --
560 2681 674 2748 negant
701 2675 753 2749 qai
778 2682 890 2731 norunt
912 2705 953 2713 —-
976 2673 1015 2730 od
1043 2679 1223 2742 praesentem

145 2784 270 2846 pastum.
318 2781 335 2833 6
365 2786 512 2852 vagatur,
538 2776 654 2834 volitat.
701 2776 860 2834 ivincnla
881 2774 1011 2832 verbera.
1058 2775 1226 2849 9sascipit

147 2881 176 2935 in
198 2896 231 2937 se
252 2880 356 2938 scelos.
411 2885 443 2938 ll
476 2900 533 2951 pra
561 2888 704 2951 praetnro
733 2886 832 2949 potat.
878 2883 919 2936 24
949 2898 1004 2955 qna
1033 2877 1116 2937 salac
1145 2876 1227 2935 salci

147 2999 255 3038 snmus.
305 2984 342 3039 27
367 3001 420 3039 vos
434 2992 532 3041 vestra
549 3001 610 3040 csse
623 2982 733 3039 velitis.
783 2985 823 3038 30
846 2997 941 3040 naves
956 2988 1082 3040 nautas.
1128 2983 1168 3036 34
1188 2999 1225 3035 eoa

147 3085 396 3142 normannicum.
440 3085 547 3157 XII,5
573 3104 626 3161 spe
648 3083 755 3144 salotis
778 3083 932 3158 spoliatos.
980 3086 996 3141 7
1020 3102 1069 3158 spe
1083 3083 1163 3140 falsa
1180 3089 1223 3136 at-

147 3205 199 3264 qne
229 3187 344 3245 fallaci.
390 3187 461 3244 ibid.
496 3196 527 3243 at
548 3205 596 3243 eos
616 3188 768 3258 poeniteat
788 3184 937 3262 professos
967 3206 1027 3243 esse
1049 3194 1077 3242 et
1097 3202 1174 3254 prae
1194 3202 1225 3239 se

219 3355 278 3420 121)
296 3356 410 3403 hortandi
429 3355 566 3402 honorandi
584 3355 622 3399 V²
643 3353 759 3400 hortandi
777 3354 965 3412 honorandique
983 3353 1030 3408 Vfl,
1048 3353 1163 3400 Halmius
1181 3353 1224 3398 ha·

147 3444 265 3504 norandi3
293 3442 397 3489 ornandi
424 3440 611 3498 honorandique
629 3438 736 3486 Orellius
760 3452 815 3486 oum
832 3439 961 3497 Ferraria,
987 3453 1049 3498 quos
1071 3444 1169 3487 secutus
1188 3441 1226 3486 eat

147 3531 272 3577 KlotnIus.
308 3529 428 3587 Equidem
447 3529 541 3574 nullam
552 3527 626 3573 video
646 3540 701 3574 esse
718 3540 825 3584 causam,
844 3539 888 3571 car
906 3523 937 3571 nb
956 3525 995 3584 iis,
1014 3540 1076 3585 quae
1088 3525 1156 3586 prior
1169 3525 1225 3572 Vct.

148 3630 213 3662 man.
233 3615 342 3674 praebet,
368 3615 525 3661 recedamus:
549 3626 607 3659 nam
632 3626 688 3658 cum
713 3612 738 3658 in
762 3610 937 3659 hebetatione
961 3615 998 3657 tot
1015 3611 1226 3658 senatusconsulta

149 3701 236 3761 Cicero
248 3703 345 3759 formet,
364 3715 413 3747 non
433 3700 464 3746 ab
483 3699 550 3747 omni
567 3696 740 3758 probabilitate
758 3695 874 3744 obhorret
889 3710 944 3743 eum
957 3701 1040 3743 nostro
1053 3710 1150 3754 quoque
1170 3698 1225 3742 loco

148 3787 213 3833 bunc
232 3788 338 3833 colorem
358 3784 400 3850 (oi.
418 3789 433 3846 ξ
453 3787 484 3834 35
503 3787 632 3832 emortum
650 3783 897 3842 conscripserit
915 3782 1128 3842 comparavit.
1163 3782 1224 3841 §ts

149 3873 281 3920 libertatem
295 3875 381 3933 papati
396 3873 501 3918 Romani
518 3873 536 3918 d
541 3887 553 3917 e
554 3873 697 3932 fendant
715 3867 937 3930 defenderint)
955 3869 1100 3917 ratinuIsse:
1118 3871 1225 3914 cetorum

149 3961 178 4005 cf.
198 3961 272 4005 etiem
291 3961 351 4018 §29
377 3958 435 4005 movi
450 3958 551 4005 hominis
569 3958 735 4005 insaniam
752 3955 996 4015 adroaontiam.
1033 3956 1091 4001 Div.
1112 3957 1125 4002 'i
1140 3950 1228 4011 popott

149 4044 252 4090 Bonam·
275 4044 418 4104 adflicti
440 4045 560 4093 miseri.
596 4044 660 4090 Phil.
680 4043 789 4098 vum
814 4049 840 4088 not
857 4044 916 4088 haec
941 4041 1021 4088 omnia
1042 4035 1225 4099 perturbet,

151 4136 282 4179 evertat
