2752 4620
598 254 789 361 ‘'3‘?

156 413 308 472 hibuimus
331 422 442 486 omnes,
465 415 638 489 praesertim
662 435 728 474 aum
751 434 840 493 quam
862 415 1069 476 lubentissime
1092 416 1161 476 data
1182 435 1231 476 oe·

156 515 274 574 sasione
305 517 349 576 uti
371 515 516 576 vellemus
545 508 606 575 una
628 518 802 577 ostendendi
825 537 914 596 quam
937 538 1030 595 prope
1058 519 1127 576 illae
1150 539 1231 578 aeee-

156 617 267 695 dant2)
289 620 325 677 ad
352 639 445 695 genus
469 620 629 695 primarum
654 621 821 679 orationum
846 640 900 692 pro
917 619 1057 684 Quinctio
1078 627 1109 680 et
1124 622 1232 681 Roscio

155 723 191 777 A.
215 725 285 779 ante
307 721 476 780 habitarum
502 739 590 800 quam
614 720 728 780 Tullius
750 722 781 778 in
805 721 958 781 Graeciam
986 723 1060 780 illud
1081 724 1140 783 iter
1161 725 1233 783 feeit

155 821 326 901 Rhodiique
349 823 481 882 Molonis
504 820 661 898 disciplina
688 841 782 898 prope
805 825 932 884 mutavit
954 824 1170 903 eloquentiam,
1200 827 1231 884 id

155 929 200 982 est
222 925 258 981 ad
281 943 375 998 genus
390 924 564 984 Asiaticum.
609 925 666 983 Sed
690 944 756 984 eum
778 925 843 1001 ipsa
865 927 921 985 heo
943 927 979 984 de
1000 946 1088 987 eausa
1110 929 1145 985 de
1160 928 1231 986 Phi-

154 1025 275 1101 lippicis
298 1027 473 1085 adhibendis
495 1027 584 1086 theiis
605 1028 732 1087 exsistat
754 1029 842 1087 nohis
864 1028 1100 1106 adversarius³),
1123 1029 1231 1088 adieei-

154 1148 219 1187 mus
242 1149 283 1187 or.
300 1129 336 1186 de
358 1129 429 1204 imp.
446 1130 498 1188 On.
515 1131 640 1206 Pompei
662 1131 752 1208 (anno
769 1132 822 1205 66)
846 1137 876 1190 et
898 1132 934 1189 de
954 1132 1020 1206 lege
1035 1150 1129 1206 agrar.
1146 1151 1171 1189 a.
1190 1137 1229 1189 63

63 1294 65 1307 1
153 1231 285 1290 habitam
315 1232 347 1303 I,
380 1237 414 1290 ut
444 1232 575 1290 omnium
606 1232 816 1292 Oieeronianae
846 1233 1035 1312 eloquentiae
1063 1239 1230 1310 temporum

153 1334 238 1410 quasi
269 1333 407 1409 exempla
436 1336 629 1394 haberemus:
659 1355 728 1393 nam
751 1324 823 1394 duas
852 1337 963 1411 primas
991 1336 1140 1395 orationes
1168 1357 1230 1396 nou

152 1440 223 1510 apte
253 1437 387 1495 adhiberi
417 1438 453 1494 ab
484 1437 621 1496 omnibus
652 1437 739 1496 faeile
761 1438 957 1513 intellegitur.
1001 1437 1059 1496 Sed
1082 1443 1116 1498 ut
1137 1444 1229 1498 totam

152 1537 202 1595 hio
224 1557 423 1615 exponamus,
455 1520 714 1617 quam'voluimus
737 1559 801 1600 esse
825 1541 1053 1616 comparationis
1074 1541 1229 1613 rationem,

150 1641 229 1699 hane
250 1642 333 1721 quasi
365 1642 461 1716 legem
492 1641 595 1699 iudicii
619 1643 856 1701 eoust'tuendam
884 1643 1064 1718 putavimus.
1108 1644 1155 1701 Ad
1178 1645 1229 1701 ob-

150 1743 306 1801 tinendum
327 1744 358 1801 id
374 1745 453 1822 quod
476 1744 630 1818 probaturi
653 1764 771 1817 sumus,
795 1745 916 1802 omuino
940 1745 1011 1803 satis
1034 1745 1091 1802 erit
1110 1745 1229 1804 demon·

152 1850 260 1903 strasse
290 1849 406 1903 nostras
437 1845 586 1904 orationes
616 1863 648 1903 re
678 1863 751 1904 vera
781 1845 901 1903 differre
931 1847 1086 1904 aeeteris.
1132 1847 1228 1905 Multo

152 1951 250 2004 autem
273 1946 380 2004 melius
401 1965 595 2022 persuasuros
616 1966 671 2005 nos
693 1966 789 2023 spero,
812 1947 983 2026 ubieunque
999 1947 1159 2022 eontigerit
1176 1969 1228 2006 no-

151 2048 213 2121 his,
244 2053 279 2107 ut
300 2054 477 2124 apparentes
508 2049 691 2109 differentias
721 2049 884 2108 referamus
914 2050 950 2107 ad
973 2049 1155 2108 differentias
1178 2070 1228 2124 ge-

150 2151 230 2210 neris
246 2151 349 2210 Asiani
365 2158 395 2210 et
410 2152 512 2211 Attici.
558 2149 624 2214 Qua
645 2152 678 2210 in
693 2172 726 2210 re
748 2152 886 2228 inprimis
907 2152 1118 2211 recurrendum
1141 2153 1227 2210 nobis

150 2253 207 2311 erit
228 2256 264 2311 ad
287 2273 352 2312 eam
381 2254 481 2312 tenuis
512 2255 637 2314 oratoris
667 2274 755 2333 quem
778 2255 925 2314 vocabant
946 2254 1093 2327 Atticum,
1123 2255 1227 2330 imagi-

150 2374 226 2427 nem,
250 2375 337 2434 quam
357 2356 422 2432 ipse
439 2357 540 2416 Gieero
560 2357 592 2414 in
608 2362 724 2416 oratore
741 2355 757 2433 §
775 2357 813 2415 76
827 2377 891 2437 sqq.
908 2357 1090 2416 informavit.
1135 2356 1226 2415 Cuius

149 2457 208 2518 looi
240 2464 271 2518 et
299 2455 547 2535 interpretatione
581 2467 611 2519 et
640 2459 918 2519 aommemoratioue
952 2460 1144 2534 supersedere
1177 2459 1227 2517 hie

150 2580 316 2636 possumus,
339 2581 404 2619 eum
430 2562 457 2619 ei
481 2562 684 2638 explicationi,
708 2581 783 2641 quae
806 2562 960 2622 invenitur
981 2561 1013 2619 in
1036 2561 1167 2636 Berbigii
1190 2538 1226 2619 da

150 2662 258 2740 Lysiae
269 2665 394 2723 oratoris
404 2683 513 2739 genere
523 2664 606 2724 tenui
617 2665 735 2723 dicendi
747 2669 964 2741 programmate
976 2663 1114 2741 (Kiistriu
1125 2663 1225 2740 1871),

150 2767 287 2825 omnihus
304 2768 367 2825 fere
385 2767 417 2824 in
434 2769 523 2825 rebus
535 2766 565 2842 4)
587 2767 791 2828 assentiamur.
835 2767 984 2825 Nimirum
1000 2766 1090 2826 eeteri
1107 2785 1226 2845 quoque

149 2868 207 2926 loei
230 2869 329 2943 magui
353 2874 423 2927 suut
444 2868 596 2941 momenti,
619 2888 659 2927 ex
681 2869 790 2947 quibus
812 2868 920 2949 aliquis
942 2870 1107 2927 redundare
1130 2869 1225 2945 possit

148 2971 262 3029 fruetus
284 2973 320 3029 ad
343 2972 579 3045 cognoscendum
603 2971 781 3030 Asianorum
804 2977 834 3030 et
857 2972 1023 3030 Atticorum
1048 2989 1158 3046 genera
1181 2972 1225 3028 di-

149 3074 244 3147 oendi,
270 3093 345 3152 quos
368 3073 449 3133 looos
471 3075 508 3131 ad
531 3093 619 3152 quam
643 3074 769 3153 quisque
792 3075 923 3150 pertinet
945 3073 1134 3152 eloquentiae
1157 3093 1223 3150 par-

147 3183 207 3235 tam
229 3177 271 3235 ibi
295 3177 597 3236 commemorabimus.

232 3280 352 3352 Restat,
384 3285 417 3338 ut
439 3281 475 3336 de
498 3280 693 3355 dispositione
720 3280 809 3338 huius
832 3279 1107 3339 dissertatiunculae
1129 3299 1223 3355 pauca

148 3384 296 3442 addamus.
342 3383 475 3441 Primum
499 3383 720 3441 Marcellianam
743 3401 760 3441 a
783 3389 945 3442 ceterarum
968 3382 1135 3440 orationum
1151 3384 1221 3440 an-

147 3485 327 3544 sarianarum
351 3485 491 3545 societate
515 3485 726 3560 segregandam
749 3485 928 3560 putavimus,
951 3503 1016 3541 oum
1040 3484 1139 3562 aliqua
1155 3485 1220 3564 qui-

147 3588 212 3644 dem
236 3593 380 3663 exparte
410 3588 498 3647 aliter
526 3589 562 3646 de
592 3588 655 3646 eius
684 3605 794 3662 genere
824 3586 940 3645 dicendi
966 3585 1097 3645 iudicare
1126 3589 1219 3648 eoacti

216 3773 241 3837 2)
260 3775 317 3822 vids
336 3775 515 3822 Hellmuthium
534 3775 590 3834 „Da
607 3773 728 3822 sermonis
746 3772 952 3833 proprietatibus,
979 3787 1042 3831 quae
1059 3775 1219 3823 inveniuntur

143 3863 170 3908 in
188 3860 312 3921 prioribus
329 3859 455 3908 Ciceronis
474 3859 650 3918 orationibus,“
669 3860 793 3918 Erlaugae
814 3861 889 3917 1877,
908 3874 932 3919 p.
946 3861 969 3906 5.

213 3947 239 4010 ³)
257 3946 314 3993 vide
332 3946 405 3992 etiam
422 3951 496 4005 eaput
514 3946 549 3993 VI
566 3946 639 3993 huius
658 3945 848 3993 dissertationis.

210 4031 238 4096 4)
256 4030 351 4091 Quibus
369 4032 399 4078 da
417 4031 491 4078 rebus
509 4032 668 4080 dissentimus
686 4031 718 4078 ab
737 4045 783 4089 eo,
811 4044 959 4090 quamquam
978 4031 1072 4080 nullius
1090 4030 1142 4077 sera
1160 4036 1218 4082 sunt

142 4118 267 4175 momenti,
286 4132 370 4164 earum
388 4131 433 4164 suo
452 4123 563 4177 tempore
580 4119 623 4164 fiet
640 4118 739 4164 mentio.

970 4197 1013 4261 l*
