2752 4620
580 265 794 329 ...42-

150 441 256 497 magna
279 425 442 491 metuenti,
465 423 553 478 miella
576 425 763 498 auspicanti,
785 424 924 481 nonnulla
947 424 1102 483 credenti.‘
1147 421 1225 479 Phil.

151 524 186 596 V,
209 526 262 583 17:
285 544 335 582 nea
358 528 470 584 multis
492 534 520 579 et
542 529 687 584 occultis.
734 531 772 583 50
797 526 907 582 Nihil
927 535 970 582 est
992 525 1041 582 illi
1060 523 1225 600 republica

151 631 274 697 canus,
297 627 357 684 nili
367 627 398 683 il
418 637 511 684 vestra
534 630 708 684 ateatort'tate
727 630 876 703 gravius,
906 627 1004 685 ntltt
1026 627 1162 684 bonorum
1186 631 1226 683 ai·

150 747 247 786 rorum
271 730 377 786 iudicio
400 732 560 809 optatius,
583 730 660 786 nittt
680 748 747 786 ocra
767 729 867 805 gloria
891 729 1110 802 dulciusl’l).
1158 730 1226 801 VII,

156 835 208 890 15:
231 833 260 888 in
277 850 331 907 quo
351 833 501 906 pecuniam
514 831 659 908 publicam
678 835 830 890 inanimum
848 833 1013 908 dissipauit,
1034 832 1148 890 ensnles
1166 834 1228 890 sine

150 933 213 1009 lege
229 935 370 1002 restitnIt,
393 934 549 1009 uectigalia
565 934 736 1005 ttommuit,
755 937 922 1010 prouincias
939 935 973 991 sle
986 935 1093 1011 populi
1109 936 1231 993 Rotnani

151 1036 269 1111 imperio
299 1037 421 1094 snstnIIt
446 1077 453 1091 .
474 1076 508 1091 ..
535 1037 586 1112 qui
611 1038 772 1105 Mutinam,
806 1037 946 1094 coloniam
973 1037 1080 1113 populi
1108 1038 1231 1094 Itomani

147 1137 341 1213 firmissimam
366 1140 561 1213 oppugnarit,
590 1139 787 1213 imperatorem
806 1139 913 1215 populi
932 1140 1060 1208 Romani,
1086 1139 1227 1196 consulem

151 1241 341 1315 designatum,
367 1239 522 1310 obsederit,
544 1240 730 1317 depopulatas
753 1259 842 1316 agnos
860 1244 912 1300 sit.
958 1241 1009 1313 VI,
1030 1246 1082 1300 14:
1107 1241 1229 1312 ,nullam

44 1418 48 1423 ,
151 1344 303 1417 impensam
317 1339 479 1419 feceruut,
501 1343 622 1400 nondum
640 1345 863 1411 instruxerunt,
882 1345 992 1418 parlim
1007 1347 1074 1420 quia
1090 1363 1145 1401 aon
1161 1362 1229 1401 con·
1262 1367 1266 1375 ¹

143 1443 307 1520 fidebant,
326 1446 433 1520 partt'm
457 1446 524 1520 qnia
547 1464 603 1502 non
627 1445 814 1505 latebunt!
860 1445 968 1504 Procul
983 1447 1074 1504 dubio
1097 1465 1167 1523 prae
1183 1464 1229 1504 ce-

152 1547 224 1604 teris
241 1565 275 1604 eu
290 1552 375 1606 erunt
398 1547 546 1607 destinata
568 1546 713 1624 exemplu,
738 1565 814 1627 quoe
837 1566 923 1607 aures
946 1554 1094 1624 caperent,
1117 1548 1169 1606 ubi
1192 1548 1230 1604 ad

152 1649 407 1709 homoioteleuton
421 1651 536 1709 numeri
552 1649 762 1730 aequalitatem
777 1650 914 1710 videmus
929 1652 1076 1723 accedere,
1099 1655 1134 1709 ut
1148 1649 1227 1707 Phil.

151 1751 236 1823 XIV,
260 1757 313 1811 12:

239 1854 410 1913 clarissimis
432 1854 551 1913 ducibus
572 1857 809 1932 supplicationem
831 1857 968 1913 tonorum
991 1851 1192 1924 tribiiemiis‚

635 1961 850 2035 imperatorium
873 1978 971 2016 nomen
994 1954 1195 2018 {dimemiiu

237 2061 279 2118 ib.
297 2065 333 2118 21
359 2063 420 2119 Has
433 2064 462 2120 in
473 2065 627 2120 sententias
643 2079 719 2120 necas
736 2064 765 2120 si
778 2062 908 2119 consocies
920 2062 1117 2119 discessionem
1124 2059 1231 2139 facere

993 2161 1190 2233 volnissent,

239 2267 367 2324 omnibus
390 2270 453 2326 t'stss
476 2267 637 2326 latronibus
666 2269 841 2325 auctoritate
868 2269 930 2344 ipsa
952 2275 1067 2324 senatus
1090 2268 1146 2323 tam
1166 2267 1231 2341 pri-

601 2373 661 2428 dem
684 2370 718 2427 de
739 2369 870 2427 manitus
892 2388 973 2427 arata
994 2365 1206 2428 uiuidissent.

240 2469 314 2549 §35
339 2474 368 2529 in
392 2492 447 2549 quo
469 2475 529 2530 ni'si
550 2481 629 2530 lanta
652 2474 772 2531 militnm
795 2475 887 2530 cintus
993 2467 1193 2540 exstitiasit

235 2576 398 2649 parricidio
414 2577 456 2633 M.
473 2579 598 2634 Antonii
617 2596 715 2634 nomen
736 2577 842 2652 populi
857 2577 979 2633 tlomani
997 2571 1180 2633 occidissit

238 2679 312 2736 udde
335 2677 352 2756 S
369 2685 408 2738 33
434 2682 501 2735 Vos
515 2679 552 2737 ab
569 2678 639 2737 urbe
652 2743 656 2758 ,
659 2678 800 2755 iuuentem
818 2680 977 2735 Antonium
999 2673 1171 2736 §stutistis

430 2802 492 2840 uos
514 2783 611 2840 redire
632 2783 791 2839 molientem
998 2775 1207 2850 reppulistis.

154 2883 294 2963 Denique
321 2885 393 2944 talis
419 2885 638 2946 animadvertes
660 2904 770 2963 quaeso
795 2884 947 2960 exemplu,
980 2881 1081 2962 quelie
1109 2887 1230 2942 exstent

155 2989 233 3045 Phil.
251 2989 286 3060 V,
304 2995 359 3048 39:
381 2990 533 3046 maximnm
557 2997 790 3054 ornamentum
815 2987 1012 3063 reipublicae,
1039 2986 1228 3044 clarissimam

156 3099 398 3148 monumentum
422 3092 586 3149 clementiae
607 3108 682 3150 suae
705 3095 735 3150 et
756 3091 829 3164 XII,
845 3090 881 3149 3:
908 3091 984 3166 quod
1004 3088 1130 3147 videbam
1152 3091 1230 3166 equi·

154 3197 242 3263 dem,
264 3195 315 3251 sed
335 3197 421 3270 pansi
438 3214 491 3272 por
513 3194 698 3270 caliginems
719 3193 770 3252 ubi
793 3193 883 3270 plane
902 3192 1060 3251 manifesta
1081 3192 1121 3251 sit
1140 3192 1229 3251 huius

155 3296 267 3372 figurae
290 3296 418 3373 captatio
441 3302 531 3376 atquc
553 3296 722 3357 ostentatio.

241 3401 325 3459 Haec
355 3400 379 3459 si
409 3399 637 3476 perlustraveris
665 3398 806 3472 artificia,
836 3397 923 3457 focile
952 3398 1008 3458 libi
1039 3396 1231 3473 persuadebis

156 3522 221 3560 cum
244 3504 292 3562 his
314 3509 483 3579 comparato
511 3502 600 3561 etium
624 3521 699 3579 quae
721 3500 887 3576 insigniore
914 3501 1108 3561 inveniuntur
1128 3502 1160 3560 in
1184 3520 1228 3560 or.

155 3625 184 3680 p.
201 3605 266 3663 Dei.
284 3608 352 3665 hab.
376 3627 436 3666 non
459 3612 520 3665 tem
541 3605 637 3665 videri
659 3610 777 3680 captata
799 3623 887 3684 quum
909 3609 1016 3680 sponte
1038 3605 1147 3664 oblata.

242 3714 271 3768 4.
305 3712 523 3780 Incremeuti
545 3712 726 3780 congeriei,
752 3705 997 3790 συναθροισμοῦ
1019 3707 1130 3783 figures
1152 3706 1232 3765 simi·

154 3809 232 3870 liano
254 3811 356 3869 Cicero
379 3812 398 3869 l.
417 3834 439 3870 s,
456 3813 475 3870 1.
501 3811 741 3888 comprehendit,
773 3831 839 3869 oum
868 3810 949 3869 dicat
979 3829 1044 3879 ,nec
1073 3809 1228 3866 numantini

156 3915 246 3971 multu
260 3912 453 3992 frequentans
476 3935 534 3974 una
556 3916 752 3992 complexione
781 3916 944 3972 devinciet!
989 3912 1068 3987 Ergo
1091 3915 1122 3969 et
1142 3908 1230 3966 nobis

227 4137 286 4200 125)
303 4137 403 4196 Insigne
420 4137 448 4182 fit
464 4136 511 4183 hoo
529 4138 667 4196 exemplum
685 4137 800 4182 adiuncto
816 4131 980 4193 epanaphora.
