2752 4620
574 258 788 324 ..12-

145 413 278 471 tionibus
309 433 456 493 nusquam
487 418 586 475 exstat
614 434 670 474 neo
699 415 819 473 aliunde
848 414 928 472 ullus
950 414 1032 473 locus
1054 435 1071 472 a
1093 415 1220 474 Foroell.

145 516 270 574 affertur
291 515 348 575 nisi
372 517 408 575 ad
432 519 494 577 Att.
517 521 541 589 l,
562 522 598 575 18
622 522 653 577 et
673 518 801 576 Eucher.
819 517 957 576 instruet.
976 523 1003 589 2,
1021 522 1049 574 5.

230 617 301 676 ibid.
327 616 400 695 §61
427 619 779 694 concelebrare38).

230 721 288 794 leg.
305 739 365 794 agr.
382 723 407 794 I,
428 725 464 779 10
487 721 788 797 pergrandisw).

231 823 561 894 nciam1¹ii1.11,2o
586 806 823 898 consimilis,
849 827 886 883 ie
916 845 975 903 quo
1005 826 1113 885 iiiiii.
1137 826 1222 884 neu-

146 925 278 984 muthius
299 945 327 1001 p.
347 930 385 982 26
410 924 562 998 disseruit,
594 945 773 1006 quamquam
796 928 894 987 omitti
917 948 978 985 non
1000 928 1071 988 licet
1092 930 1150 988 hoo
1172 931 1223 987 ad·

145 1027 286 1088 iectivum
309 1027 427 1102 saepius
448 1028 527 1102 apud
550 1027 702 1086 Gaesarem
726 1029 865 1102 inveniri,
889 1035 924 1089 ut
944 1031 974 1088 b.
988 1052 1018 1105 g.
1036 1032 1078 1104 Π,
1095 1036 1149 1090 11;
1172 1031 1223 1108 fc-

146 1139 249 1188 ccrcnt
270 1138 302 1185 ccl
322 1131 537 1187 consimilis
550 1128 677 1208 sagae
696 1131 839 1208 profectio
863 1133 1019 1190 videretur.
1045 1134 1080 1206 V,
1100 1137 1137 1190 12
1160 1154 1223 1191 cre-

147 1232 325 1308 berrimoque
355 1231 490 1306 occipicio
522 1233 691 1291 Gallicis
719 1235 953 1292 consimilia.
988 1237 1040 1308 VI,
1058 1237 1096 1294 27
1121 1237 1223 1294 lorum

147 1344 190 1392 ccl
211 1333 425 1391 consimilis·
448 1337 547 1410 coprc‘s
560 1335 677 1412 figora.

234 1435 281 1494 Sic
304 1456 368 1495 cum
393 1438 485 1496 semel
507 1438 543 1495 ad
567 1438 767 1499 derivationes
788 1440 995 1516 pervenimus,
1019 1441 1097 1500 houd
1120 1442 1223 1517 inepte

148 1540 199 1599 hie
223 1541 442 1618 subsequantur

267 1725 315 1774 111.
352 1725 524 1776 subsanam
540 1727 660 1776 verbalia
677 1728 707 1776 in
725 1729 764 1777 -io
781 1731 808 1777 et
825 1729 854 1776 in
872 1742 913 1777 -or
930 1730 1110 1780 terminantia.

235 1849 293 1907 Fas
324 1849 411 1907 nobis
441 1848 481 1908 sit
507 1850 540 1906 in
562 1849 635 1909 haec
656 1849 809 1929 inquirere
833 1851 906 1910 duae
929 1850 1116 1914 Quintiliano
1141 1853 1226 1926 VIII,

152 1958 183 2024 3,
207 1957 246 2009 30
266 1971 328 2029 sq.:
361 1953 541 2028 „Fingere
648 1954 768 2011 Graccis
791 1956 882 2029 magis
905 1973 1068 2012 concessam
1091 1965 1151 2025 eol,
1176 1960 1228 2032 qni

153 2097 209 2111 ...
228 2055 334 2111 Nostri
354 2063 446 2111 orclem
464 2057 492 2112 in
510 2056 654 2132 iungendo
673 2065 725 2112 cal
746 2059 774 2114 in
797 2058 1003 2114 clericando
1022 2057 1141 2134 porilem
1157 2059 1230 2133 qnid

151 2159 219 2215 cnei
239 2157 288 2213 oi'cc
311 2159 340 2214 in
363 2159 415 2214 hoc
437 2159 510 2214 solio
532 2160 744 2235 reciplmrlur.“
789 2159 908 2217 Etcum
924 2159 998 2216 mihi
1014 2159 1226 2235 persuasissom

150 2260 320 2328 Gaesarem,
351 2278 530 2337 quamquam
560 2261 638 2335 apud
668 2279 734 2318 eum
765 2259 797 2317 in
821 2278 1001 2339 unaquaque
1022 2262 1086 2319 fere
1108 2261 1226 2335 pagella

150 2360 222 2420 talia
244 2362 380 2420 invenies
402 2362 605 2435 substantiva,
628 2367 728 2422 tamen
750 2363 833 2421 nulla
855 2363 989 2438 proferre
1012 2364 1069 2421 nisi
1091 2363 1223 2422 usitatis·

151 2465 241 2537 sima,
272 2470 306 2522 ut
327 2464 418 2535 ratio,
451 2464 612 2539 profectio,
637 2465 780 2537 defectio,
805 2465 1012 2538 commutatio,
1035 2465 1227 2537 existimatio,

152 2567 344 2642 oppugnatio,
369 2567 543 2639 coniuratio,
568 2567 712 2640 defensio,
735 2569 876 2627 defensor
897 2567 1007 2627 similia
1029 2588 1160 2627 necnon
1183 2567 1228 2625 ni-

150 2669 258 2727 mirum
281 2689 331 2742 ea,
362 2669 471 2749 quibus
493 2670 546 2731 vix
568 2670 663 2746 possit
691 2690 791 2730 carere
822 2674 982 2748 quaeret.
1006 2675 1028 2730 t.
1052 2671 1147 2729 instar
1169 2669 1229 2728 sint

152 2773 298 2845 habenda,
321 2778 356 2832 ut
377 2774 541 2850 populatio,
564 2774 656 2834 sectio
680 2774 804 2853 (urbis),
828 2774 997 2850 pabulatio,
1019 2773 1155 2853 aquatic,
1178 2791 1230 2848 pa·

152 2876 287 2948 buletor‚
312 2876 521 2953 lignatorw),
544 2877 622 2935 haud
646 2878 731 2955 parui
754 2877 861 2954 putavi
882 2896 946 2935 esse
969 2876 1126 2947 momenti,
1151 2875 1230 2954 quod

152 2979 255 3037 Cicero
278 2998 398 3058 quoque
421 2979 453 3037 in
476 2985 563 3039 oratt.
588 3001 617 3056 p.
636 2981 701 3055 Lig.
727 2987 757 3040 et
780 2980 845 3038 Dei.
869 2980 959 3038 habb.
985 2979 1142 3040 usitatiore.
1164 2984 1230 3036 tan-

153 3086 216 3140 tum
240 3081 383 3140 eiusmodi
408 3082 596 3141 substantiva
618 3082 748 3154 adhibet,
771 3088 806 3140 ut
828 3082 988 3156 ignoratio,
1012 3081 1106 3139 oratio
1129 3078 1178 3154 (L.
1200 3083 1229 3147 l;

157 3190 210 3255 103
228 3190 277 3243 38.
301 3186 336 3243 D.
358 3191 374 3244 5
384 3208 393 3258 ;
410 3192 428 3243 6
438 3208 446 3259 ;
463 3184 517 3260 34)
532 3185 679 3257 liberatio,
700 3183 820 3259 legatio,
838 3183 993 3258 profectio,
1010 3181 1230 3258 remansioss),

178 3451 180 3455 “
223 3440 266 3510 38)
284 3445 315 3490 Η.
333 3459 357 3503 p.
372 3444 411 3491 ii.
447 3442 563 3487 Fortasse
581 3439 655 3486 etiam
673 3438 832 3496 ‚concortoor'l‘
851 3437 867 3497 5
886 3438 918 3484 28
936 3437 1054 3484 adnotatu
1066 3435 1168 3496 dignum
1182 3442 1229 3499 est,

155 3531 221 3592 quod
239 3531 264 3576 in
284 3527 436 3576 orationibus
453 3539 574 3585 nusquam
592 3524 702 3571 recurrit.

225 3613 270 3678 39)
287 3620 386 3674 praeter
403 3615 468 3660 huno
486 3613 566 3660 locum
591 3624 712 3669 nusquam
729 3610 755 3655 in
774 3613 846 3656 orstt.
866 3611 948 3656 exstat
965 3607 1012 3653 uisi
1030 3608 1056 3654 iu
1073 3608 1187 3654 Verrinis
1205 3613 1230 3655 et

154 3701 383 3762 mmm&

223 3784 268 3849 40)
285 3785 342 3833 Meo
361 3786 414 3832 iure
432 3785 472 3831 hie
488 3783 601 3844 inprimis
619 3780 809 3829 commentarios
827 3781 850 3826 d.
870 3779 894 3826 b.
909 3778 1009 3844 Gallico
1024 3779 1176 3838 conscriptos
1194 3792 1232 3823 re-

157 3875 249 3936 spicio:
267 3873 333 3932 quod
350 3871 375 3918 in
393 3872 432 3917 bis
450 3872 470 3929 I,
489 3873 521 3928 5,
542 3873 556 3917 3
575 3867 695 3933 (domum)
714 3867 845 3915 reditio
863 3867 997 3923 invenitur,
1016 3866 1041 3911 in
1060 3868 1144 3912 nostre
1162 3875 1235 3920 quae-

158 3961 236 4008 stione
255 3959 345 4005 nullius
363 3964 401 4005 est
418 3957 544 4004 momenti.

226 4045 271 4110 41)
289 4047 336 4092 hoc
354 4058 429 4090 unum
448 4041 630 4090 substantivum
656 4043 735 4088 rarius
752 4039 862 4087 inveniri
880 4039 980 4085 videtur
1003 4035 1044 4100 (oi.
1063 4034 1137 4082 etiem
1155 4032 1235 4078 Krau-

159 4133 222 4181 sium
240 4133 255 4178 l.
269 4132 285 4178 l.
305 4146 328 4192 p.
344 4130 385 4195 7),
413 4130 456 4177 sed
483 4132 613 4176 excusatur
631 4131 690 4188 puto
711 4127 763 4174 eius
788 4125 916 4184 usurpatio
934 4122 1066 4170 hocloco:
1093 4118 1151 4177 quid
1169 4116 1235 4163 enim
