2752 4620
564 259 778 326 ..25-

134 418 314 488 dubitantes,
345 426 439 476 omrem
462 421 491 475 in
515 421 577 475 eioe
598 437 635 474 an
659 420 689 474 iu
711 417 791 473 boste
804 413 952 490 figantur.
1001 413 1054 492 57
1087 435 1142 472 non
1166 417 1210 472 in·

136 530 218 579 ustae
252 520 324 578 belli
355 523 527 579 internecivi
558 530 652 578 nolae.
707 518 724 597 5
752 523 788 576 19
821 519 988 592 invigilasse
1021 517 1206 595 reipublicae.

135 623 212 703 525
244 626 358 682 Antoni
386 625 532 680 immonem
564 632 593 680 et
612 623 732 702 foedam
763 620 959 678 crudelitatem
989 640 1045 678 non
1072 621 1161 676 solum
1191 640 1209 678 a

135 727 244 801 iugulis
277 727 402 796 nostris,
438 726 489 781 sed
517 727 601 782 etium
636 745 654 782 n
685 724 817 782 membris
847 733 875 780 et
905 722 1062 782 uisceribus
1091 726 1206 779 auertit.

135 827 208 907 534
232 839 315 906 atque
338 830 445 886 utinam
468 828 513 885 bis
536 828 664 887 omnibns
686 827 851 902 abstergere
863 829 967 906 flottam
989 826 1137 884 sententiis
1158 845 1210 882 no-

134 934 204 989 stris
308 950 465 1008 possemus.
569 959 572 965 ·

219 1038 272 1092 Ex
293 1039 376 1093 orat.
399 1039 441 1094 de
462 1038 580 1106 imper.
604 1039 662 1093 On.
685 1040 800 1104 Pomp.
824 1038 902 1093 hab.

220 1135 273 1214 57
298 1136 424 1193 llelenda
454 1146 497 1193 est
524 1135 604 1194 uobis
626 1137 679 1194 illa
703 1137 816 1193 maculo
925 1151 996 1211 qioae
1015 1135 1131 1209 penitus
1153 1135 1209 1189 iam

136 1239 238 1296 insedit
259 1258 294 1296 ne
315 1241 400 1297 nemis
422 1241 592 1299 inueterauit
614 1243 644 1298 in
663 1242 768 1318 populi
788 1241 911 1297 Romani
929 1240 1049 1296 motusue.
1084 1236 1154 1295 ibid.
1181 1246 1211 1292 ut

134 1361 241 1399 senon
264 1340 351 1398 I’ouli
376 1361 465 1420 neque
489 1344 691 1419 Cappadociae
720 1341 839 1399 latebris
871 1341 1019 1398 occtdtare
1047 1340 1126 1408 uelit,
1161 1339 1212 1395 sed

134 1462 279 1518 emergere
307 1463 344 1502 eu
368 1446 466 1525 patris
497 1465 587 1522 regno
618 1455 702 1523 atque
726 1487 733 1502 .
755 1487 762 1502 .
784 1486 791 1501 .
816 1447 845 1501 iu
873 1445 965 1501 Asine
992 1444 1054 1499 luce
1083 1443 1207 1499 uersari.

135 1545 152 1625 5
175 1551 210 1604 19
234 1565 320 1602 ruere
343 1546 396 1604 illo
419 1567 475 1605 non
495 1557 625 1629 possunt,
652 1543 684 1605 ut
704 1549 775 1605 baec
790 1567 847 1604 non
862 1546 956 1603 eodem
974 1544 1120 1621 labefacto
1136 1551 1211 1600 motu

135 1649 297 1709 concedunt.
332 1647 407 1727 530
431 1649 532 1708 bellum
555 1660 599 1707 est
623 1691 679 1706 ...
705 1650 855 1727 sepultum.
889 1647 963 1724 532
983 1646 1211 1726 propugnaculis

136 1753 252 1827 imperii
271 1752 303 1827 (i.
318 1771 343 1809 e.
368 1751 523 1828 elassibus)
545 1754 684 1809 sociorum
706 1751 862 1828 sortiamus,
897 1771 953 1808 non
981 1769 1032 1807 sun
1061 1758 1134 1806 tecto
1164 1748 1211 1804 de-

127 1850 262 1930 fendere.
309 1851 386 1930 534
418 1854 508 1927 Quam
538 1855 673 1911 celeriter
702 1855 755 1912 Cn.
781 1853 910 1930 Pompeio
939 1853 1010 1908 ditae
1041 1853 1116 1909 tanti
1143 1851 1213 1907 belli

137 1957 256 2032 impetus
276 1958 449 2032 nauigauit?
492 1955 568 2034 536
592 1958 650 2015 Sed
667 1958 773 2014 inultae
791 1967 859 2014 sum
881 1965 960 2013 ortes
982 1957 1104 2013 ere'rniac
1125 1953 1210 2011 buius

134 2058 323 2114 administrae
341 2060 512 2136 comitesque
529 2061 657 2118 virtutes.
702 2059 718 2138 5
736 2066 775 2118 66
800 2061 878 2134 (litae
895 2061 997 2117 cecitas
1014 2067 1059 2114 est
1073 2059 1102 2114 in
1119 2057 1206 2125 Asin,

135 2179 208 2238 quoe
335 2163 419 2218 unius
452 2161 562 2220 tribuni
592 2164 711 2220 militum
746 2164 857 2221 animos
888 2181 924 2220 uc
954 2163 1075 2239 spiritus
1108 2178 1211 2234 capere

133 2265 253 2339 possit?

220 2369 274 2423 Ex
296 2373 380 2426 orat.
403 2372 445 2426 de
466 2373 530 2439 leg.
554 2385 624 2439 ogr.
647 2373 725 2430 hab.
746 2374 773 2428 1.

220 2466 270 2545 51
306 2488 378 2546 queue
399 2489 446 2527 res
468 2482 565 2547 aperte
582 2471 752 2547 petebatur,
785 2492 819 2529 eo
841 2491 917 2528 stunc
939 2472 1050 2528 occulte
1072 2470 1212 2527 cuniculis

136 2581 330 2648 oppugnatur.
376 2570 428 2649 56
456 2575 509 2630 His
532 2573 692 2649 insignibus
714 2584 799 2650 utque
821 2573 921 2649 infiatis
944 2575 1059 2649 imperii
1078 2573 1207 2629 uenditis.

137 2673 153 2752 5
176 2679 209 2733 ll
233 2693 384 2731 nummus.
401 2716 409 2730 .
427 2717 433 2731 .
448 2693 527 2750 picem
551 2694 606 2733 uon
628 2677 782 2732 architecti
802 2677 920 2732 lem‘usec
942 2676 1015 2750 legis
1038 2674 1211 2750 adfecerant?

136 2776 211 2856 515
235 2788 286 2834 ont
307 2777 432 2834 incidiae
453 2788 504 2834 out
529 2779 712 2852 pestilentiae
738 2777 950 2854 possessoribus
980 2775 1046 2853 (pro
1073 2794 1210 2850 agrorum

137 2886 189 2938 aut
218 2879 434 2938 invidiosorum
464 2886 516 2938 aut
545 2879 753 2954 pestiferorum
783 2881 1024 2958 possessoribus).
1069 2879 1144 2957 516
1177 2899 1212 2936 ne

137 2979 232 3037 uerbena
255 2981 310 3038 bae
333 2980 402 3038 urbo
417 2982 478 3038 aliu
497 3001 627 3058 premere
644 2991 674 3039 et
689 3001 794 3058 urgere
809 2985 937 3059 possitis.
982 2981 1052 3060 521
1078 2983 1210 3039 borreum

138 3080 216 3151 belli,
241 3082 293 3139 snb
314 3085 398 3158 sigim
420 3085 611 3161 claustrisque
627 3085 804 3161 respublicae
823 3087 945 3161 positum
969 3084 1104 3160 uectigal.
1136 3083 1153 3161 5
1170 3088 1210 3140 24

136 3205 198 3242 cum
305 3206 362 3244 cono
383 3195 413 3242 et
433 3189 594 3244 auctoritas
623 3189 749 3244 consulis
777 3197 893 3264 repenle
920 3191 949 3245 in
972 3190 1060 3246 tantis
1088 3186 1211 3244 tenebris

136 3289 278 3345 illuserit.
324 3287 397 3366 527
423 3289 506 3363 (troad
524 3292 553 3346 si
572 3292 624 3366 qni
643 3299 763 3348 oestrum
786 3312 837 3368 spe
859 3292 973 3349 ducitur
993 3311 1024 3348 se
1042 3308 1127 3366 posse
1150 3299 1211 3345 tur·

136 3391 249 3450 bulento
280 3395 395 3450 ratione
421 3394 527 3450 leonori
551 3392 695 3471 oelpieori
721 3414 772 3452 suo
803 3394 970 3472 (translatio
1001 3397 1118 3467 sumpto
1139 3410 1157 3449 a
1178 3410 1210 3449 re

135 3493 276 3572 nautica).
299 3530 342 3538 -
363 3531 406 3540 —

221 3597 252 3655 si
275 3600 332 3659 hoe
353 3606 507 3676 troporum
528 3600 708 3676 florilegium
738 3620 804 3658 oum
833 3599 870 3658 iis
899 3598 1078 3675 compararis
1106 3599 1209 3675 tropis,

137 3700 188 3777 qui
218 3701 250 3758 in
282 3707 370 3763 oratt.
397 3723 426 3779 p.
451 3704 571 3779 Ligario
603 3711 633 3762 et
659 3725 689 3780 p.
713 3703 854 3763 Deiotaro
884 3703 973 3760 habb.
1006 3702 1210 3774 inveniuntur,

136 3823 197 3862 non
219 3805 332 3879 poteris
354 3806 467 3878 faeere,
500 3807 573 3884 quin
597 3807 675 3885 quod
698 3806 785 3865 initio
808 3805 897 3863 huius
920 3804 1027 3880 eapitis
1048 3803 1119 3862 solis
1140 3804 1208 3862 iret'

135 3907 268 3965 numeris
289 3907 411 3967 tulimus
433 3907 591 3980 iudicium,
620 3915 700 3968 reete
721 3908 751 3965 io
776 3907 970 3968 constitutum
991 3907 1084 3965 fuisse
1106 3925 1210 3965 eonce-

136 4010 196 4067 das.
242 4010 366 4068 Nullum
394 4011 456 4069 fere
484 4011 516 4068 in
545 4011 705 4086 Ligariana
733 4010 783 4069 vel
811 4010 842 4068 iu
876 4030 918 4070 or.
943 4030 972 4086 p.
996 4009 1095 4068 Deiot.
1125 4006 1210 4066 inve-

136 4111 202 4170 nies
224 4113 407 4188 exemplum,
431 4115 509 4191 quod
533 4133 650 4185 eorum,
682 4132 757 4192 quao
779 4131 817 4169 ex
841 4113 947 4172 tuteris
969 4111 1122 4171 attulimus
1145 4127 1209 4169 ora·
