2752 4620
589 234 802 301 ..51-

160 390 296 450 nantium
318 408 430 451 morem
452 390 601 465 imitetur,
624 385 794 461 ἀσυνδέτους
816 390 980 450 orationem
1002 392 1165 467 producere
1188 412 1236 451 co-

160 497 257 553 netur.
301 493 358 552 Sed
386 511 426 552 ne
454 480 504 554 hic
533 493 653 572 quidem
684 512 806 569 prorsus
835 512 874 552 ex
896 512 1085 552 numerorum
1106 495 1236 554 vinculis

158 599 258 670 potest
285 615 316 653 se
338 595 475 654 liberere.
521 595 688 654 Occurrunt
715 595 795 654 enim
825 599 886 654 tres
913 594 1029 671 periodi
1058 589 1234 670 μονόκωλον,

159 715 283 776 quarum
305 698 420 775 respice
441 697 628 757 formationis
650 697 876 777 aequalitatem:

221 799 293 879 „qui
314 799 351 857 ed
373 819 420 859 me
448 819 502 877 pro
532 798 759 872 necessitudine,
779 796 785 879 Ι
804 818 880 879 quse
911 799 984 858 mihi
1013 803 1058 859 est
1087 820 1153 860 cum
1182 801 1234 860 illo
1344 831 1350 837 -

167 936 172 940 -
224 902 355 974 „ordina
376 897 381 983 Ι
400 921 518 961 censam
540 901 584 962 rei
606 901 743 978 publicae
771 900 963 980 periculaque
989 921 1087 961 rerum
1116 921 1234 962 suarum

221 1002 441 1076 „detulerunt.“
457 999 469 1086 ΙΙ

287 1105 335 1185 §5
351 1107 543 1186 ,Bithynia
559 1103 570 1189 Ι
584 1125 662 1186 qnae
675 1125 757 1165 nanc
770 1111 871 1166 vestro
884 1107 1040 1184 provincie
1054 1111 1108 1181 est,
1128 1103 1133 1190 Ι
1152 1108 1234 1168 vicos

221 1216 363 1284 „exustos
384 1229 448 1270 esse
471 1211 652 1288 complures:
667 1205 680 1291 ΙΙ

284 1333 427 1389 „regnum
445 1313 662 1385 Ariobarranis,
676 1307 680 1394 Ι
694 1313 773 1391 quod
789 1311 950 1371 finitimum
966 1315 1012 1372 est
1022 1313 1130 1373 vestris
1140 1314 1233 1374 vecti·

218 1415 363 1492 „palibus
383 1416 388 1493 Ι
407 1420 502 1476 totum
526 1434 590 1474 esse
611 1415 641 1474 in
665 1415 796 1476 hostium
819 1419 1001 1491 potestator
1018 1410 1030 1497 ΙΙ

156 1517 232 1578 Tum
254 1519 384 1599 denique
407 1537 461 1596 per
482 1519 601 1594 singula
623 1520 756 1577 membra
778 1511 949 1586 ἆσυνὸἑτοος
971 1519 1163 1593 progreditur
1185 1518 1229 1589 ,L

155 1619 313 1680 Lucullum
336 1657 378 1665 —
400 1622 567 1682 discedere:
595 1621 666 1680 huic
688 1621 739 1699 qui
763 1620 1001 1680 successerit-
1024 1621 1232 1680 administran-

154 1724 239 1786 dum:
260 1744 354 1784 uuum
375 1758 417 1770 —
439 1724 551 1800 expeti,
572 1724 699 1783 eundem
722 1758 764 1766 -
786 1723 957 1782 neminem!

241 1826 279 1885 In
301 1827 356 1887 hac
377 1826 471 1902 igitur
486 1826 620 1886 oratione
642 1825 795 1884 henderit
812 1825 1017 1899 dubitandum,
1040 1825 1113 1904 quin
1128 1825 1230 1884 Oioero

153 1929 244 1989 talem
265 1929 329 1989 iere
351 1929 575 2007 compositionis
594 1929 740 1990 rationem
764 1928 803 1989 sit
825 1933 953 2002 secutus,
976 1927 1094 2008 qualem
1116 1929 1230 1986 Isocra-

154 2033 216 2102 tes,
249 2033 286 2090 de
307 2051 367 2111 quo
389 2030 559 2091 Demetrius
582 2032 618 2091 el.
637 2034 675 2089 12
708 2033 781 2090 haec
809 2030 898 2090 dicit:
926 2021 964 2088 ‘H
982 2025 1184 2107 κατεστραμμὲ
1222 2076 1230 2104 ,

153 2126 220 2193 οἶον
241 2124 263 2210 ἡ
282 2125 358 2192 κατὰ
380 2125 541 2210 περιόδους
562 2130 681 2210 ἔχοντα,
705 2123 746 2202 ὥς
760 2123 781 2208 ἡ
796 2132 855 2190 τοῖν
869 2123 1073 2211 Ἰσοκρατείων
1091 2123 1229 2208 ρητόρων

153 2231 204 2295 καὶ
227 2233 355 2316 Γοργίου
384 2231 433 2294 sal
456 2227 694 2311 Ἀλκιδάμαντος.
739 2227 825 2293 ὅλοι
853 2227 909 2312 γᾶρ
939 2225 1003 2292 dcci
1019 2217 1230 2311 ττεριόδοον

137 2327 209 2398 ὀἰσὶ
231 2338 401 2416 συνοχῶν
428 2331 518 2396 οὐδέν
540 2359 569 2396 το
596 2333 715 2396 ἔλαττον
741 2330 817 2413 ἥπερ
845 2327 1022 2413 ἡὉμοΙρου
1044 2333 1169 2412 ποίησιςΙ
1185 2327 1229 2395 δι’

153 2435 463 2520 tenesmum).
509 2441 595 2504 Quod
632 2442 668 2499 de
696 2439 839 2501 cicerone
871 2439 1013 2499 iudicium
1046 2439 1111 2515 ipse
1141 2439 1228 2498 facile

152 2544 350 2617 confirmabis,
372 2545 396 2603 si
419 2547 512 2604 totam
529 2543 695 2603 orationem
713 2541 904 2618 percurreris,
928 2541 1033 2621 quain
1048 2541 1228 2600 reanimati·

152 2650 252 2706 vertas
272 2665 383 2726 quaeso
405 2646 578 2723 complexus
599 2644 737 2722 inprimis
759 2645 958 2722 periodorum,
981 2643 1085 2723 quales
1107 2649 1228 2704 exstant

153 2744 189 2826 ΙΙ
207 2748 233 2807 7.
253 2752 300 2808 ιο.
319 2752 367 2807 le.
386 2752 433 2806 14.
452 2752 502 2806 ss.
519 2752 569 2806 sc.
586 2752 634 2806 ec.

238 2851 349 2913 Contra
368 2850 425 2910 tibi
446 2868 596 2926 propones
617 2846 708 2909 velim
731 2847 908 2923 Ligarianae
930 2845 1128 2923 prooemium:

280 2952 416 3024 „Novum
432 2951 553 3024 crimen,
576 2951 607 3011 (l.
624 2938 738 3022 caesar,
761 2983 803 2993 -
824 2953 945 3009 stante
967 2949 1048 3008 hunc
1062 2948 1140 3007 diem
1164 2969 1224 3008 non

216 3053 368 3128 „auditum
390 3053 578 3134 propinquus
599 3072 683 3112 mens
704 3054 740 3112 ad
763 3058 793 3113 te
809 3052 845 3118 Q.
862 3051 980 3112 Tubero
996 3051 1104 3112 detulit
1123 3086 1166 3096 —
1188 3052 1224 3116 Q.

214 3156 387 3232 „Ligarium
415 3156 447 3214 in
470 3156 571 3215 Africa
592 3155 684 3216 fuisse
706 3189 749 3198 -
771 3155 871 3226 idque
893 3155 923 3215 0.
939 3154 1040 3213 Panse
1060 3155 1224 3231 praestanti

211 3260 279 3332 „vir
305 3258 430 3335 ingenio
447 3255 453 3340 Ι
470 3259 567 3320 fretus
593 3260 719 3319 fortasse
747 3258 950 3318 familiaritate
978 3273 1027 3328 ee,
1046 3253 1051 3337 Ι
1071 3276 1147 3336 quae
1179 3263 1224 3316 est

213 3361 261 3436 „ei
281 3365 388 3436 tecum,
408 3359 414 3442 Ι
432 3381 521 3423 ausus
540 3365 589 3422 est
611 3361 777 3422 confiteri.“

149 3463 187 3521 In
218 3462 312 3524 altera
339 3465 433 3525 totius
461 3463 608 3525 enuntiati
637 3469 722 3540 parte
751 3461 840 3541 plane
868 3461 925 3522 tibi
952 3461 1005 3520 fiet
1033 3461 1222 3520 manifestum

149 3566 278 3626 solutum
301 3585 366 3626 esse
387 3587 569 3640 sermonem,
592 3567 622 3625 id
645 3568 726 3646 quod
746 3586 801 3643 per
822 3564 962 3624 lineolam
985 3561 1053 3641 (-)
1074 3562 1157 3642 volui
1177 3564 1222 3623 in·

148 3667 275 3744 signire:
296 3668 330 3726 in
351 3668 445 3729 altera
466 3671 552 3744 parte
574 3669 703 3743 vestigia
725 3667 844 3747 quidem
867 3666 1017 3726 cuiusdam
1039 3667 1154 3742 periodi
1170 3686 1221 3725 ex·

148 3775 238 3831 stant.
281 3769 387 3831 Statim
418 3769 568 3846 singulare
598 3769 734 3850 sequitur
762 3761 925 3829 membrum
954 3803 1004 3843 ‚-
1026 3768 1133 3849 Itaque
1163 3790 1222 3849 quo

147 3893 194 3934 me
216 3877 339 3948 vertam,
362 3872 482 3961 nescio.‘
504 3905 547 3915 —
568 3871 718 3948 Deinceps
740 3870 829 3948 plene
851 3869 964 3932 solute:

216 4093 275 4163 136)
293 4094 439 4144 Bernhardt.
459 4108 483 4155 p.
497 4093 531 4140 30
548 4093 604 4140 coll.
624 4106 648 4153 p.
664 4093 695 4141 12
715 4096 776 4140 extr.

966 4177 1015 4237 4*
1107 4189 1110 4194 '
