2752 4620
592 292 784 357 ⁶³6..

150 452 398 534 „Bemerkungen
420 471 488 509 zum
505 450 729 526 Vulgarlatein“
751 449 782 506 in
799 449 948 523 Philologi
972 456 1052 507 tomo
1068 449 1227 508 XXXIV:

151 555 240 613 etiam
271 554 437 633 dequibus
467 562 547 613 certa
574 554 633 611 iam
664 551 854 628 protulerunt
881 551 931 610 vel
952 551 1156 610 Hellmuthius
1178 551 1228 612 vel

151 656 345 731 Landgrafius
357 655 394 733 9),
417 655 562 713 nonnulla
577 655 742 713 afferemus.
787 654 850 713 Nec
866 653 1059 711 dubitandum
1075 659 1129 724 est,
1153 654 1227 733 quin

151 758 261 830 Cicero,
284 757 396 837 quippe
412 757 462 835 qui
482 776 592 815 novum
616 755 769 814 affinxerit
792 757 936 814 urbanum
960 773 1135 828 sermonem,
1157 756 1225 814 ideo

151 880 270 939 quoque
293 861 330 918 ab
346 859 523 918 adversariis
539 860 578 916 sit
594 864 791 933 oppugnatus,
815 858 894 936 quod
917 857 974 914 hoc
996 862 1048 916 aut
1069 856 1144 916 illud
1159 877 1227 917 ver·

150 962 221 1020 bum
244 982 354 1022 novum
376 961 528 1022 invenerit
548 961 598 1020 vel
620 962 656 1018 de
678 980 732 1018 suo
755 959 911 1031 addiderit,
935 960 1015 1037 quod
1037 965 1089 1017 aut
1106 961 1227 1018 omnino

150 1063 292 1138 alingua
311 1063 418 1122 Latina
445 1063 652 1138 repudiaretur
681 1067 732 1120 aut
762 1066 842 1121 certe
870 1082 888 1119 a
910 1060 1059 1120 cotidiano
1092 1081 1228 1120 sermone

150 1166 331 1225 abhorreret.
375 1165 514 1245 Denique
546 1184 598 1223 eae
630 1165 691 1224 sint
722 1163 904 1238 colligendae
938 1163 1118 1237 locutiones,
1151 1183 1228 1243 quae

152 1267 273 1326 omnino
285 1267 511 1347 exquisitionem
524 1286 595 1343 prae
607 1287 638 1326 se
648 1269 748 1327 ferant
759 1267 887 1342 speciem
899 1265 1055 1345 rariusque
1071 1270 1229 1342 propterea

60 1426 63 1430 .
151 1370 346 1430 inveniantur
375 1375 427 1427 aut
457 1371 535 1445 apud
558 1370 730 1428 Ciceronem
759 1376 812 1429 aut
835 1370 913 1444 apud
936 1387 1038 1427 omnes
1059 1369 1227 1445 scriptores,

153 1473 204 1551 qui
227 1472 259 1529 in
283 1471 426 1530 eiusmodi
448 1491 481 1530 re
504 1479 574 1531 sunt
594 1472 781 1548 respiciendi.

236 1577 283 1634 De
306 1575 415 1653 quibus
436 1576 526 1634 rebus
549 1575 686 1632 omnibus
708 1578 822 1632 certum
843 1575 921 1631 ferra
944 1574 1057 1653 ubique
1085 1573 1226 1632 iudicium

154 1677 222 1757 quis
252 1683 298 1736 est
327 1677 379 1755 qui
411 1683 502 1752 neget
530 1695 594 1736 esse
623 1674 817 1751 perdifficile?
862 1679 906 1735 Ac
928 1675 1014 1734 nobis
1043 1675 1162 1754 quidem
1192 1677 1228 1734 ad

152 1780 226 1839 haec
255 1779 414 1838 iudicanda
442 1784 562 1855 praeter
591 1797 641 1837 eos
673 1798 748 1857 quos
779 1778 864 1836 modo
896 1777 1050 1838 attulimus
1077 1777 1169 1837 libros
1199 1783 1229 1837 et

151 1881 342 1957 pervulgatus
362 1883 467 1952 Neuei,
489 1882 641 1957 Draegeri,
663 1881 782 1956 Zumpti
805 1880 931 1939 eliorum
953 1887 1031 1939 artes
1053 1880 1229 1960 plerumque

151 2004 211 2042 non
242 1989 342 2055 erant,
371 2003 387 2042 e
411 1985 519 2063 quibus
550 1984 735 2042 hauriremus
763 1983 897 2042 fontibus
927 1983 984 2040 nisi
1008 1983 1157 2056 Mergueti
1171 1983 1229 2058 10),

151 2086 251 2144 Nizoli
266 2086 316 2162 1¹)
345 2086 553 2159 Ciceroniana,
583 2085 761 2158 Forcellini,
790 2085 938 2157 Freundi,
974 2084 1116 2159 Georgesi
1137 2085 1229 2144 totius

151 2189 309 2248 latinitatis
338 2191 528 2249 onomastica.
573 2191 636 2249 Nec
665 2209 821 2264 possumus
850 2208 909 2246 non
932 2206 1069 2260 monere,
1100 2187 1228 2266 nequis

151 2290 352 2364 obliviscatur,
375 2312 464 2371 quam
487 2293 526 2352 sit
549 2292 670 2351 difficile
692 2293 771 2366 apud
794 2291 965 2350 Ciceronem
988 2291 1086 2366 ipsum
1109 2291 1229 2371 quidem

153 2394 335 2454 conditorem
367 2402 398 2455 et
418 2401 572 2470 parentam
600 2395 706 2454 urbani
736 2394 881 2454 sermonis
908 2394 957 2471 (cf.
981 2395 1059 2453 inter
1080 2394 1139 2451 alia
1160 2392 1228 2451 Tac.

153 2496 221 2553 dial.
238 2495 309 2573 20),
339 2505 483 2577 quantum
507 2499 676 2559 discesserit
698 2500 739 2559 ab.
757 2498 809 2556 illo
832 2499 945 2556 urbano
969 2516 1079 2572 genere
1102 2496 1228 2567 dicendi,

153 2598 327 2677 disquirere.

238 2705 283 2761 Ac
298 2703 513 2779 Ligariana
536 2704 655 2782 quidem
671 2703 805 2762 oratione
820 2703 907 2764 valde
923 2702 1036 2775 dubito,
1058 2717 1130 2760 num
1145 2701 1229 2760 cuius

60 2864 62 2869 s
153 2804 265 2864 maiore
288 2807 353 2866 iure
375 2827 479 2884 puram
511 2807 632 2867 laudare
659 2807 805 2883 possimus
837 2807 1051 2878 elocutionem,
1082 2805 1121 2865 sit
1149 2803 1228 2878 apud

154 2927 257 2966 omnes
272 2909 433 2985 scriptores
449 2910 573 2970 Latinos
589 2911 700 2970 oratio:
722 2909 800 2968 nihil
821 2911 884 2968 lere
907 2909 947 2968 sit
969 2910 1048 2988 quod
1071 2908 1229 2965 adnotetur

154 3009 285 3083 dignum.
329 3013 405 3071 Nam
428 3032 504 3092 quae
527 3013 768 3092 breviloquentia
791 3017 915 3088 'sumpta
937 3031 954 3069 a
975 3011 1090 3085 volgari
1112 3007 1229 3068 dicendi

154 3114 370 3172 consuetudine
398 3114 448 3192 (cf,
471 3114 586 3173 Halmii
608 3116 675 3173 adn.
696 3116 732 3172 ad
755 3115 785 3173 h.
800 3113 833 3190 l.)
862 3112 938 3191 §30
968 3113 1087 3173 videtur
1115 3111 1230 3170 inesse:

154 3218 283 3288 erravit,
318 3217 419 3292 lapsus
441 3225 502 3286 est,
535 3235 591 3274 non
612 3219 729 3292 putauit
749 3217 802 3292 (sc.
826 3235 857 3274 se
879 3215 1030 3293 peccarc):
1057 3217 1087 3272 ri
1106 3231 1227 3289 unquam

152 3322 276 3395 postiae
300 3322 353 3397 (sc.
376 3320 552 3397 peccaverit,
575 3341 635 3378 non
657 3319 865 3396 deprecabor),
888 3320 1007 3395 planam
1029 3319 1120 3375 habet
1140 3335 1229 3374 excu-

156 3424 310 3482 sationem.
362 3425 434 3482 (lum
469 3418 548 3481 enim
581 3423 630 3482 hic
660 3424 773 3482 forensi
804 3422 913 3482 actioni
926 3404 977 3498 ll)
1010 3422 1058 3511 ad
1075 3425 1229 3496 parentem

224 3557 249 3621 9)
269 3559 298 3605 G.
311 3560 441 3620 Landgraf
457 3561 513 3619 „De
525 3558 651 3606 Ciceronis
663 3559 801 3606 elocutione
812 3558 838 3605 in
851 3558 1003 3605 orationibus
1014 3570 1059 3616 pro
1071 3556 1100 3602 P.
1114 3554 1230 3614 Quinctio

156 3648 181 3690 et
198 3657 244 3703 pro
262 3644 328 3691 Sext.
347 3646 436 3693 Roscio
455 3648 510 3694 Am.
528 3644 687 3705 conspicua“.
706 3643 861 3703 Wircaburg.
882 3646 957 3692 1878.

226 3725 268 3794 10)
287 3729 319 3775 H.
332 3731 445 3790 Merguct
458 3732 584 3790 „Lexicon
597 3745 628 3776 nu
641 3731 688 3777 den
700 3730 787 3778 Reden
799 3730 842 3776 des
855 3728 942 3777 Cicero
954 3728 1003 3775 vol.
1018 3727 1231 3793 1-111(A-P)“

156 3814 222 3861 dena
241 3817 382 3864 latr-80.

229 3898 271 3963 11)
289 3902 399 3949 Lexicon
417 3901 604 3950 Ciceronianam
622 3903 695 3949 Marii
712 3903 802 3950 Niaolii
820 3916 851 3948 cx
869 3915 962 3949 recens.
981 3901 1052 3948 Alex.
1072 3900 1138 3947 Secti
1161 3899 1230 3957 (cura

156 3987 175 4033 l.
194 3986 348 4046 Facciolatii)
366 3988 463 4035 Patavii
483 3990 556 4036 1734.

227 4071 269 4136 12)
288 4074 325 4122 Os.
338 4076 353 4136 ξ
367 4075 400 4122 30
417 4073 485 4120 init:
504 4071 605 4133 Ouarar,
624 4071 723 4133 Caesar,
742 4073 780 4133 api
795 4073 882 4119 multos
900 4071 1007 4132 equidm
1025 4077 1115 4127 mum,
1134 4068 1191 4114 dum
1208 4076 1230 4114 te

155 4157 182 4204 ia
192 4159 273 4215 sore
290 4162 364 4209 terruit
380 4160 444 4208 rutro
461 4159 576 4207 hortorum
595 4167 696 4210 tucrum.
