2752 4620
558 263 774 330 ..23..

215 425 268 480 Ex
290 424 438 492 Philipp.
461 426 503 480 V.

217 523 234 602 5
256 528 291 582 11
318 523 472 594 ,Calebaut
487 524 516 581 in
534 524 673 581 i'riteriore
690 522 801 580 aedium
820 531 908 599 parte
926 524 1014 580 totius
1030 521 1207 600 reipublicae

129 627 299 685 nundinae.‘
344 625 419 704 520
442 627 472 684 iu
494 645 537 683 me
552 626 695 683 absentem
711 627 869 683 orationem
891 644 928 681 eu
944 643 994 681 ore
1015 625 1206 702 impurissimo

129 730 278 787 euomui't.‘
322 728 394 787 ibid.
425 746 486 786 ciem
516 737 609 786 aulem
640 728 728 784 semel
752 727 882 803 gladium
912 726 1018 783 scelere
1047 725 1204 784 imbuisset.

131 831 203 908 537
229 833 258 889 i'a
277 831 403 888 omnibus
425 833 555 889 consiliis
575 849 713 908 praeceps
735 839 764 888 et
784 830 893 888 deuius.
939 830 1010 888 ibid.
1035 849 1092 887 non
1114 830 1206 886 solum

131 953 194 992 cum
221 936 352 992 exercitu
379 953 447 1004 suo,
480 932 636 992 sedetiam
659 952 721 990 cum
746 935 825 990 omui
844 934 1022 990 immanitate
1050 932 1206 991 barbariae

129 1035 233 1093 bellum
255 1035 366 1116 inferre
387 1035 478 1094 nobis.
524 1036 595 1095 ibid.
619 1045 652 1092 ut
672 1037 734 1093 eius
747 1035 884 1113 surorcin
907 1055 943 1093 ue
957 1035 1075 1111 Alpium
1094 1037 1204 1111 quillem

131 1158 212 1195 rouro
240 1138 371 1196 cobibere
394 1157 553 1214 possemus.
602 1138 679 1215 550
710 1139 890 1214 cupiditatem
913 1138 1079 1196 dominandi
1095 1139 1208 1213 praeci-

126 1243 215 1318 pitem
238 1250 268 1298 et
288 1240 436 1298 lubricam.

214 1347 268 1402 Ex
289 1346 438 1414 Philipp.
460 1346 519 1404 VI.

215 1443 232 1522 5
257 1450 292 1503 11
324 1447 380 1503 iam
401 1443 468 1522 serl
495 1445 524 1502 in
555 1445 646 1502 oculis
675 1445 728 1521 (ec.
758 1443 961 1522 Trebellium).
1006 1442 1081 1522 514
1112 1448 1209 1503 iacent

128 1547 265 1624 beneficia
288 1548 438 1606 Nuculae:
461 1546 562 1625 friget
580 1556 723 1624 patronus
745 1548 902 1606 Antonius.
949 1546 1023 1624 517
1043 1567 1204 1624 paucorum

129 1651 285 1708 molestiam
308 1652 452 1709 devorate.

215 1757 268 1812 lix
290 1757 438 1824 Philipp.
460 1756 538 1812 VII.

216 1854 271 1933 52
299 1863 426 1912 sonatum
457 1854 555 1912 dolent
582 1854 622 1912 ad
646 1855 831 1912 auctoritatis
859 1856 1002 1930 pristinae
1028 1874 1105 1932 spem
1132 1859 1206 1914 reoi-

129 1977 251 2016 rescere.
300 1956 317 2036 5
340 1962 356 2015 5
381 1966 413 2014 ut
434 1976 529 2014 omnes
550 1958 668 2032 uigilias
693 1998 750 2013 ...
774 1959 804 2015 in
826 1958 1022 2035 reipublicae
1043 1962 1137 2019 salute
1158 1961 1206 2017 ile-

121 2061 244 2138 figeret.
291 2059 309 2139 5
332 2066 350 2118 8
384 2061 540 2135 ,Quom'om
570 2061 843 2137 periculosissimum
878 2062 970 2119 locum
1000 2063 1114 2120 silentio
1145 2080 1206 2119 sum

127 2170 357 2240 praeteruectus‘
388 2161 542 2239 (allegoria
571 2167 689 2238 sumpte
717 2182 736 2221 a
765 2182 796 2222 re
828 2165 971 2242 nautica).
1018 2164 1092 2243 519
1123 2168 1205 2241 pacis

129 2269 241 2324 nomine
260 2264 362 2324 bellum
385 2266 542 2324 inuolutum
563 2264 726 2342 reformido.
774 2264 846 2343 521
871 2288 906 2325 ne
927 2269 1126 2344 coagmentari
1144 2269 1206 2345 qui·

128 2371 189 2427 ilem
215 2388 303 2445 posse
330 2386 440 2445 pacem.
486 2367 567 2446 527Ι
591 2377 710 2426 taetram
734 2378 762 2426 et
779 2369 950 2447 pestiferum
973 2370 1082 2429 belaum
1105 2376 1140 2428 rie
1162 2373 1206 2428 in·

129 2473 238 2530 clusam
261 2481 289 2529 el
311 2473 493 2530 constrictam
516 2472 666 2530 dimittatis
687 2481 793 2530 cauete.

218 2578 272 2633 Ex
294 2578 443 2646 Philipp.
465 2577 561 2635 VIII.

216 2675 290 2755 510
320 2679 445 2735 Antonii
472 2678 566 2752 igitur
591 2679 733 2753 promissa
763 2685 893 2734 cruenta.
941 2674 1015 2754 515
1044 2680 1088 2735 sic
1110 2680 1140 2735 iu
1162 2681 1210 2735 rei

126 2779 262 2856 publicae
284 2798 416 2856 corpore,
442 2788 475 2836 ul
497 2787 583 2836 lotum
606 2779 715 2836 saluum
738 2780 786 2848 sit,
812 2778 950 2854 quidquid
965 2787 1010 2835 cst
1026 2778 1205 2857 pestiferum,

128 2890 300 2957 amputetur.
347 2878 422 2957 520
446 2883 593 2938 tormentis
610 2882 752 2938 Mutinam
773 2874 943 2937 uerberauit.
991 2880 1064 2939 ibid.
1083 2900 1118 2938 ue
1130 2901 1206 2958 puu-

130 2991 204 3040 ctum
227 2982 336 3059 quidem
361 2985 517 3058 temporis.
534 3025 541 3040 .
558 2985 755 3059 .oppugnati'o
778 2985 942 3059 respirauit.
990 2983 1065 3061 523
1088 2993 1206 3042 senalus

130 3087 204 3143 cuim
226 3084 338 3163 sociem
367 3105 460 3143 secum
490 3086 639 3167 attulerat.
685 3084 760 3164 526
793 3088 972 3144 centuriones
998 3105 1148 3163 pugnaces
1178 3097 1206 3144 el

130 3188 297 3246 lacertosos.

214 3295 268 3350 Ex
291 3294 440 3362 Philipp.
462 3295 504 3352 X.

216 3393 232 3471 5
252 3399 269 3451 8
295 3396 317 3451 O
334 3395 528 3470 spectaculum
544 3394 619 3452 illud
635 3436 642 3450 .
660 3435 667 3450 .
685 3435 692 3450 .
711 3393 794 3452 undis
813 3396 883 3470 ipsis
898 3403 928 3452 et
942 3392 1076 3452 litoribus
1093 3396 1204 3452 luctuo-

129 3515 201 3554 sum.
250 3496 300 3574 59
324 3508 398 3555 esset
418 3498 465 3555 uel
483 3498 694 3574 receptaculum
713 3499 799 3574 pulso
821 3499 949 3555 Antonio
973 3497 1019 3554 uel
1039 3514 1132 3572 agger
1155 3517 1205 3572 op·

127 3599 302 3676 pugnandae
323 3601 428 3659 italice
447 3601 581 3658 Graecia.
628 3599 699 3658 ibid.
726 3601 848 3657 Graecia
871 3600 963 3657 tendit
982 3601 1130 3659 dexteram
1144 3603 1206 3659 Ito·

130 3703 198 3760 liae.
253 3699 269 3778 5
296 3707 331 3760 11
368 3707 522 3760 renuentes
554 3705 740 3760 extrusimus.
794 3701 811 3779 5
840 3707 877 3760 18
909 3704 1056 3761 seruitutis
1088 3704 1204 3761 uincula

130 3823 273 3881 rumpere.
321 3804 338 3882 5
361 3810 398 3864 21
433 3805 624 3863 Concurritur
653 3806 775 3882 undique
806 3806 845 3862 acl
873 3823 1017 3862 commune
1046 3806 1203 3864 incendium

129 3907 375 3983 restinguendum.

214 4014 268 4069 Ex
290 4013 438 4081 Philipp.
459 4013 519 4069 x1.

216 4111 232 4191 5
253 4118 265 4171 l
291 4114 432 4172 scelerata
449 4132 543 4173 arma.
589 4112 639 4191 52
662 4133 726 4172 eece
741 4112 796 4172 tibi
806 4115 948 4190 geminum
967 4116 996 4171 in
1011 4114 1118 4172 scelere
1133 4129 1201 4187 par.

1129 4178 1304 4336 Γ
