2752 4620
574 267 787 332 ,74-

85 468 91 476 .
146 421 196 481 his
219 422 404 483 orationibus
431 424 681 504 persequebatur,
715 424 839 484 coneilio
861 424 911 484 vel
934 423 1046 501 optime
1067 424 1232 485 convenit:

147 545 180 585 ac
202 525 245 585 sie
267 526 385 605 quidem
409 528 535 607 quadam
558 546 597 585 ex
619 531 704 603 parte
726 545 793 586 eum
816 526 1004 586 Hellmuthio
1026 526 1193 587 nomentio.

234 628 324 687 Hunc
352 629 445 704 igitur
473 629 536 688 fera
560 648 678 689 cursum
701 628 866 687 Tullianam
889 629 1090 708 eloquentiam
1118 647 1230 689 censeo

146 729 294 791 tenuisset
325 731 413 790 initio
443 732 563 814 quidem
594 736 696 792 noster
724 731 812 808 plane
840 732 1001 792 obstrictus
1030 736 1094 792 erat
1115 749 1230 808 genero

147 832 294 905 Asiatic03
326 835 409 894 cuius
437 835 468 893 in
490 834 634 908 vinculis,
666 852 846 915 quamquam
874 834 933 893 iam
961 839 1082 894 auctore
1104 833 1230 894 Melone

148 938 305 996 mutandae
328 937 468 998 dictionis
490 938 570 1015 cepit
592 937 766 1010 consilium,
790 937 879 996 etium
903 956 1041 998 reversus
1063 955 1080 995 e
1103 935 1230 996 Graecia

148 1039 307 1100 remansit:
341 1041 410 1099 inde
442 1045 540 1100 autem
573 1041 610 1099 ab
643 1039 778 1101 oratione
810 1040 837 1100 d.
860 1040 932 1117 imp.
954 1041 1007 1100 On.
1030 1041 1135 1116 Pomp.
1157 1040 1227 1098 hab.

148 1142 243 1216 magis
264 1144 419 1222 magisque
442 1144 595 1219 proprium
619 1143 703 1221 quasi
727 1142 855 1201 medium
878 1163 972 1218 genus
987 1143 1045 1203 sibi
1061 1144 1229 1203 conforma-

149 1242 210 1317 vit,
234 1245 263 1302 id
287 1245 421 1324 quidem,
446 1266 504 1325 quo
527 1245 737 1320 multomagis
761 1265 849 1325 quam
872 1245 1040 1306 inventioni
1064 1245 1228 1305 elocutioni

149 1346 347 1426 inprimisque
362 1347 555 1408 concinnitati
579 1354 610 1408 et
624 1349 830 1408 numerositati
854 1348 997 1409 serviret:
1021 1347 1136 1421 deiude,
1159 1367 1228 1407 cum

149 1467 175 1506 a.
193 1453 232 1507 54
255 1449 396 1509 sensisset
424 1450 483 1507 iam
514 1470 573 1509 non
596 1469 627 1509 se
650 1470 742 1509 unum
773 1456 853 1511 certe
881 1451 1068 1511 auditoribus
1095 1449 1227 1528 probari,

150 1572 327 1632 quamquam
344 1553 374 1611 in
391 1553 498 1613 ceteris
516 1553 635 1633 quidem
658 1554 747 1612 rebus
770 1573 807 1612 nc
830 1554 979 1615 tantulum
1002 1552 1121 1633 quidem
1138 1572 1227 1626 novo,

150 1656 230 1734 quod
254 1657 385 1716 Atticum
408 1675 518 1715 nomen
542 1656 598 1714 sibi
620 1656 800 1729 vindicabat,
824 1656 926 1730 generi
951 1655 1104 1728 concessit,
1127 1661 1230 1714 tamen

149 1758 219 1817 inde
242 1761 278 1817 ab
295 1759 459 1818 Miloniana
480 1761 510 1818 id
526 1761 652 1819 fortasse
668 1760 695 1818 ei
711 1759 871 1831 tribuebat,
895 1764 930 1817 ut
946 1758 1071 1838 quadam
1088 1775 1127 1815 ex
1142 1763 1230 1834 parte

150 1862 395 1938 compositionem
422 1863 520 1922 minus
550 1863 721 1940 praevalere
744 1862 850 1922 vellet:
881 1863 968 1938 plane
991 1867 1090 1921 autem
1113 1862 1231 1922 studuit
1265 1937 1272 1953 ἱ

151 1965 271 2044 quidem
293 1964 411 2025 Atticos
433 1965 544 2024 imitari
566 1964 598 2023 in
622 1970 709 2024 oratt.
732 1985 760 2041 p.
777 1964 897 2040 Ligario
921 1970 951 2025 et
974 1963 1115 2024 Deiotaro
1137 1965 1230 2024 habb.

151 2067 351 2143 singularibus
378 2069 552 2149 quibusdam
585 2073 750 2127 commotus
777 2068 890 2127 causis:
921 2073 1072 2144 postremo
1102 2067 1134 2125 in
1157 2068 1231 2126 Phi·

151 2172 271 2249 lippicis
293 2192 396 2232 rursus
418 2173 453 2231 ad
477 2171 638 2231 iuvenilem
661 2171 783 2230 recessit
791 2167 973 2252 jdietionem.
