2752 4620
146 1028 202 1097 De
228 1047 361 1096 earum
388 1047 487 1117 quae
512 1031 702 1099 vocantur
729 1025 1045 1114 caesarianae),
1080 1026 1221 1100 oratio·

313 1168 407 1217 num
433 1145 699 1218 Tullianarum
725 1167 866 1236 genere
893 1148 1055 1220 dicendi.

564 1347 807 1416 Prooemium.

236 1486 414 1566 Quicunque
438 1488 586 1547 orationes
608 1507 662 1562 pro
680 1487 715 1552 Q.
732 1489 851 1564 Ligario
875 1495 906 1548 et
927 1508 998 1564 rege
1013 1491 1154 1548 Deiotaro
1169 1491 1222 1547 ha-

148 1589 226 1647 bitas
248 1588 424 1663 perlegerit,
453 1590 533 1648 haud
555 1589 642 1648 facile
666 1610 732 1648 eum
755 1591 866 1666 fugiet,
890 1591 996 1649 mirum
1020 1593 1168 1671 quendam
1190 1591 1223 1648 in

149 1691 268 1749 modum
292 1693 386 1751 abeo
410 1690 527 1760 dicendi
555 1709 664 1765 genere
693 1693 773 1770 quod
801 1693 833 1750 in
857 1694 963 1752 ceteris
986 1692 1136 1753 Ciceronis
1159 1712 1223 1751 ora-

148 1792 281 1853 tionibus
303 1793 492 1869 perspicuum
515 1793 562 1867 sit,
584 1793 680 1853 videri
704 1813 753 1852 eas
773 1794 937 1853 dissentire.
984 1795 1079 1857 Quam
1102 1796 1222 1852 adrem

147 1915 245 1954 meum
269 1897 388 1975 quidem
412 1896 542 1954 animum
567 1895 692 1954 Adolfus
714 1895 922 1972 Kiesslingius,
944 1902 1120 1972 praeceptor
1142 1917 1224 1955 meus

149 1999 336 2058 doctissimus
365 2006 395 2058 et
416 1998 731 2071 benevolentissimae,
766 2000 894 2059 attendit
916 2000 1003 2057 simul
1025 1999 1224 2060 vehementis-

148 2101 223 2159 sime
244 2103 427 2177 perfundens
449 2101 641 2180 perquirendi
666 2102 845 2178 cupiditate,
878 2122 936 2180 que
957 2103 1076 2160 tandem
1107 2103 1224 2160 ratione

149 2205 206 2261 hae
229 2205 378 2263 orationes
400 2206 438 2262 ab
462 2205 569 2263 ceteris
592 2204 740 2263 different.

237 2306 392 2369 Quodnam
415 2325 486 2367 vero
509 2307 627 2366 dicendi
650 2326 744 2382 genus
766 2307 798 2365 in
820 2308 881 2382 his,
913 2308 949 2365 de
978 2307 1086 2386 quibus
1116 2307 1223 2382 agitur,

151 2409 336 2468 orationibus
359 2409 460 2468 Cicero
484 2415 603 2469 secutus
626 2410 680 2483 sit,
711 2409 736 2468 si
760 2410 945 2488 quaerimus,
968 2429 1143 2485 responsum
1165 2410 1224 2467 iam

151 2512 233 2570 dedit
255 2512 518 2585 Wilamowitzins,
541 2511 759 2572 illustrissimus
780 2513 836 2585 vir,
859 2513 890 2570 in
913 2511 1025 2584 libello,
1048 2515 1099 2591 qni
1122 2513 1226 2570 inscri-

150 2614 232 2672 bitur
248 2614 314 2686 „die
331 2613 669 2692 Thukydideslegende“
684 2614 715 2672 in
732 2614 861 2673 Hermae
877 2620 957 2674 tomo
973 2615 1037 2672 XII
1052 2635 1081 2690 p.
1094 2619 1154 2671 332
1171 2634 1225 2692 sq,

150 2717 201 2773 ubi
224 2717 298 2774 haec
320 2717 430 2792 scripta
447 2716 604 2775 videntur:
626 2717 680 2790 „ja
703 2736 735 2773 er
757 2716 885 2794 (Cicero)
908 2718 960 2774 lect
981 2717 1027 2774 dic
1049 2735 1118 2774 neue
1133 2716 1226 2773 delere

151 2820 203 2895 (sc.
228 2837 330 2877 eorum
359 2819 410 2897 qui
434 2817 513 2877 solos
536 2818 652 2877 Atticos
674 2837 761 2878 veros
791 2818 951 2877 imitandos
979 2819 1036 2877 sibi
1064 2838 1226 2894 proposue-

150 2921 233 2996 runt)
262 2923 313 2978 mit
334 2919 587 2996 Modiflcutionen‚
622 2919 667 2978 dic
690 2920 758 2979 hald
778 2921 905 2978 nordker
933 2923 1008 2978 caclo
1032 2923 1141 2995 Dionys
1165 2940 1226 2978 oer-

151 3032 221 3093 ίναί,
247 3025 399 3098 ergentlicd
423 3026 460 3081 im
483 3023 600 3100 Przbce'p
623 3043 837 3099 angenommcn‚
863 3027 892 3082 ln
915 3025 966 3082 dci·
981 3023 1086 3082 Promis
1098 3022 1224 3102 srer'licle

151 3127 198 3183 ior
220 3145 277 3183 orer
299 3128 329 3184 in
352 3125 404 3184 deo
420 3127 525 3199 Redeo,
551 3128 597 3184 dic
619 3147 651 3183 er
670 3147 721 3184 vor
736 3127 796 3184 dem
813 3126 989 3184 Monarchea
1008 3127 1145 3201 gehalteu
1161 3125 1228 3195 oct,-

150 3248 203 3285 coe
224 3228 381 3287 Riicloicht
402 3228 461 3308 aas
476 3231 572 3287 diesen
595 3230 750 3305 Rechnung
769 3233 946 3305 getrogen.“

239 3333 278 3390 Et
300 3332 434 3408 profecto
458 3333 529 3409 quid
553 3338 599 3392 est
620 3331 804 3408 probabilius
836 3351 923 3411 qnam
946 3331 1116 3390 Ciceronem
1145 3331 1223 3405 apud

152 3433 305 3491 Caesarem
327 3434 474 3493 dicentem
496 3434 527 3492 id
549 3453 643 3509 genus
665 3435 812 3494 imitatum
828 3453 900 3506 esse,
923 3453 983 3512 quo
1000 3433 1139 3491 utebatur
1153 3433 1224 3490 an-

153 3552 208 3591 sar.
255 3538 341 3611 Apud
372 3538 469 3612 ipsum
493 3537 612 3614 quidem
635 3538 806 3596 Ciceronem
833 3537 899 3612 ipso
921 3535 974 3593 illo
997 3535 1076 3607 loco,
1106 3555 1166 3614 quo
1189 3536 1225 3592 de

224 3718 249 3782 1)
276 3721 307 3766 cs.
325 3721 451 3770 Baiterum
475 3723 500 3770 in
525 3723 581 3771 adn.
601 3724 654 3770 crit.
682 3723 796 3770 editionis
814 3722 954 3770 'IurIcensis
979 3722 1011 3768 ad
1027 3721 1225 3769 Marcellianum:

152 3806 375 3866 „Caesarianarum
393 3809 492 3854 nomIne
517 3809 581 3855 banc
600 3814 625 3856 et
641 3810 702 3856 duas
721 3823 784 3868 quae
802 3813 938 3867 sequuntur
956 3807 1079 3856 orationes
1097 3809 1226 3868 appellant

153 3893 248 3939 Nonius
273 3892 405 3939 Marcellus
430 3907 454 3952 p.
472 3895 539 3951 437,
559 3897 581 3941 9.
618 3895 719 3942 Servius
737 3895 769 3940 ad
787 3894 861 3953 Verg.
880 3896 942 3941 Aen.
962 3894 1000 3952 V,
1020 3894 1076 3941 187.
1094 3893 1144 3951 XI,
1163 3894 1222 3940 4³8.

155 3977 245 4039 Georg.
272 3979 313 4035 11,
342 3980 396 4026 131.
434 3977 548 4027 Valerius
564 3979 661 4028 Probus
686 3995 710 4039 p.
729 3982 808 4038 1471,
836 3981 876 4028 ³7.
894 3980 921 4025 Ρ.
959 3979 1040 4027 schol.
1058 3978 1152 4026 Lucam
1168 3977 1224 4037 VII,

152 4065 209 4112 2⁵9.
229 4065 305 4112 313.“

1004 4155 1018 4207 l
