2752 4620
588 203 801 293 ..16-

158 385 301 441 300131
327 382 590 458 homieidassss).
621 384 678 454 XI,
697 389 716 441 4
735 388 822 443 0126
846 383 1105 462 colligerem).
1137 386 1193 458 XI,
1214 392 1231 444 4

157 490 188 544 01
203 486 293 558 ΧΠΙ,
312 491 349 543 21
378 486 634 564 (1110111070).
680 486 786 546 Statim
805 487 914 547 adicias
936 487 1010 560 XII,
1031 493 1069 544 23
1094 488 1232 547 discri-

156 588 371 663 minare⁷¹).
406 589 501 661 XIII,
522 590 559 646 37
585 588 894 665 discruciare'12).
933 589 989 664 leg.
1011 607 1072 665 agr.
1091 591 1152 662 1,7
1178 591 1231 649 di-

156 691 389 768 vendere⁷³).
423 692 500 749 Phil.
519 692 637 766 XIV,7
662 691 1003 771 internecivustt).

241 796 396 854 Postremo
426 795 475 852 hic
498 795 602 852 addam
631 795 703 870 imp.
727 796 832 871 Pomp.
852 800 888 853 13
911 799 1073 872 propter
1095 814 1178 855 csse
1201 802 1232 856 et

161 902 196 956 16
220 902 379 975 propter
400 897 599 969 adcincta).
634 902 673 954 48
702 899 1024 958 obsecundarint:
1057 900 1136 978 quod
1165 918 1231 958 ver-

155 1003 226 1058 bum
248 1001 305 1058 hoc
327 1020 386 1059 uno
410 1020 449 1058 ex
471 1005 557 1059 oratt.
582 999 647 1058 loeo
670 1019 704 1060 ac
727 1005 807 1059 certa
831 1002 950 1078 quidem
979 1001 1095 1060 ratione
1117 1000 1232 1060 Tullius

155 1102 303 1161 adhibuit:
326 1105 400 1160 sceti
408 1100 653 1178 obtemperarem,
679 1103 773 1159 hostes
784 1100 964 1172 obedierint,
989 1105 1040 1160 secl
1055 1106 1138 1160 etcum
1155 1106 1233 1160 ceutc'

156 1215 387 1282 tempestatesque
403 1202 643 1265 obsecundarent.
689 1205 800 1262 Eodem
824 1204 889 1262 loco
912 1204 1002 1262 simili
1019 1205 1135 1263 ratione
1153 1225 1230 1263 com-

154 1315 251 1368 motus
274 1327 314 1367 sc.
338 1297 562 1381 ὅμοιοτελεύτου
585 1325 671 1365 causa
693 1307 821 1367 activam
844 1307 1000 1383 usurpavit
1021 1308 1146 1366 formam
1170 1326 1228 1365 as-

155 1410 369 1482 senserint,
401 1411 479 1489 quod
502 1411 625 1470 verbum
649 1409 783 1489 alioquin
805 1430 866 1468 uno
889 1413 1015 1486 excepto
1038 1409 1118 1482 loco,
1149 1411 1227 1469 Phil.

154 1513 210 1586 XI,
226 1518 262 1570 19
286 1515 333 1585 „si
354 1511 408 1569 titt
427 1530 483 1568 non
499 1513 540 1568 sit
554 1513 723 1568 adsensum“
746 1530 863 1587 semper
884 1511 1003 1569 mediati
1025 1512 1122 1570 forma
1143 1532 1229 1588 prae-

153 1617 246 1674 ditum
268 1618 406 1691 apparet,
430 1615 466 1671 de
489 1633 547 1692 quc
567 1632 600 1671 10
622 1634 650 1674 v.
669 1613 826 1674 Hellmuth
848 1613 865 1691 ς
884 1619 935 1671 21.

239 1719 303 1777 Iam
327 1717 378 1796 qui
400 1717 474 1775 hacc
496 1716 699 1791 percurrerint
721 1736 808 1793 spero
831 1717 992 1776 nonnullos
1015 1719 1133 1797 quidem
1158 1740 1229 1779 con·

154 1840 287 1881 cessuros
309 1819 381 1878 mihi
405 1819 533 1876 Tullium
557 1824 691 1877 nostrum
713 1819 744 1876 in
768 1824 854 1878 oratt.
871 1839 900 1894 p.
917 1820 983 1894 Lig.
1000 1826 1031 1881 et
1046 1822 1110 1880 Dei.
1126 1824 1158 1881 in
1175 1824 1228 1881 eli-

154 1925 258 1999 gendis
285 1923 385 1982 verbis
412 1922 511 1981 minus
533 1941 604 1980 sane
627 1942 687 1980 non
710 1923 776 1981 dico
798 1923 1020 1999 neglegentem,
1054 1926 1229 2000 praesertim

153 2047 218 2085 cum
236 2026 317 2084 locos
335 2046 374 2083 ex
390 2045 432 2083 or.
450 2045 479 2100 p.
496 2024 562 2082 Dei.
579 2022 595 2101 ᾖ
613 2029 649 2082 21
671 2029 757 2083 0126
781 2025 886 2084 allatos
907 2027 1074 2101 respiciam,
1097 2034 1128 2088 at
1149 2035 1228 2089 certe

153 2131 251 2187 minus
271 2129 410 2186 audacem
428 2128 534 2187 fuisse:
557 2147 734 2205 quamquam
758 2147 804 2184 ms
827 2147 888 2185 non
911 2129 990 2202 fugit
1012 2128 1104 2186 multo
1127 2130 1228 2204 plures

152 2232 230 2303 fore,
262 2231 313 2309 qui
345 2231 431 2289 aliter
460 2231 602 2308 sentiant.
647 2231 773 2304 Egomet
800 2229 865 2304 ipsa
892 2230 962 2288 huic
985 2230 1076 2306 capiti
1099 2251 1158 2289 non
1182 2233 1227 2290 ni-

224 2467 267 2532 68)
285 2483 368 2516 rarum
392 2466 557 2525 vocabulum,
585 2466 650 2525 quod
675 2466 784 2524 alioquin
807 2467 933 2514 invenitur
958 2468 1118 2530 [a.I·*.]1uv.
1138 2473 1167 2528 2,
1187 2473 1228 2517 26.

156 2555 211 2603 Seu.
230 2559 340 2602 controv.
361 2554 380 2612 I,
399 2555 423 2601 2.
449 2553 511 2601 Hor.
530 2552 601 2612 epod.
622 2555 661 2609 17,
682 2554 722 2598 12.

226 2637 269 2706 63)
287 2641 312 2687 in
330 2644 401 2686 oratt.
421 2639 519 2697 quidem
537 2637 588 2684 cic.
605 2637 631 2684 hi
649 2643 744 2684 tantum
762 2644 861 2686 exstant
877 2640 939 2686 loci:
958 2655 1016 2687 nam
1034 2641 1133 2700 111111).
1153 2644 1183 2688 13
1201 2643 1227 2688 in

154 2733 253 2776 vetusta
271 2727 377 2774 formula
394 2726 543 2785 conspicitur
560 2724 595 2784 „I
607 2724 684 2781 lictor,
703 2724 791 2784 collipo
808 2729 918 2772 mouus“.
954 2726 1086 2774 Praeterea
1103 2728 1228 2774 invenitur

154 2815 219 2876 apud
241 2813 296 2860 Ter.
316 2814 395 2859 Plaut.
415 2812 487 2858 Varr.
507 2811 558 2860 010.
577 2826 616 2872 ep.
635 2811 666 2859 ad
684 2812 752 2858 Fam.
771 2827 884 2859 necnon
902 2828 936 2860 or.
955 2813 970 2873 5
990 2815 1038 2860 120
1056 2819 1081 2860 01
1101 2817 1157 2863 168,

224 2899 268 2964 70)
286 2899 352 2958 apud
364 2898 476 2944 CIceron.
494 2898 519 2944 In
532 2898 678 2958 PhilippIcis
695 2902 798 2957 tantum,
817 2903 946 2959 praeterea
964 2900 1028 2960 apud
1041 2900 1147 2947 Ennium
1165 2901 1228 2960 (Cic.

154 2987 226 3033 'Insc-
245 2988 264 3045 Ι,
283 2987 316 3033 44
334 2985 516 3043 „etceecrter‘a
534 2989 559 3031 et
577 2986 707 3031 Plautum:
726 2991 809 3032 nostro
827 2986 881 3032 loco
899 2985 1003 3034 sortasse
1021 2992 1122 3047 propter
1139 2987 1227 3034 allitte·

153 3073 256 3119 rationis
273 3072 379 3119 studium
397 3075 550 3131 assumptum
568 3070 713 3129 „dicecere
730 3078 752 3116 et
770 3071 910 3130 dimiserat

222 3156 265 3220 71)
283 3158 348 3217 qnod
366 3156 469 3203 verbum
487 3157 553 3216 apud
571 3156 714 3204 Ciceronem
737 3157 825 3202 iterum
843 3157 935 3202 frustra
952 3170 1063 3214 quaeres.
1100 3157 1167 3204 Alibi
1186 3173 1226 3204 ex-

153 3249 201 3290 stat
218 3258 258 3304 ap,
278 3243 333 3290 Seu.
352 3243 378 3290 in
394 3257 448 3303 ep,
467 3243 590 3302 Plinium,
610 3243 752 3301 Claudiam,
778 3243 885 3289 Varron.
903 3244 932 3289 R.
945 3243 974 3289 R.
993 3247 1018 3289 et
1035 3243 1063 3288 L.
1078 3242 1122 3300 11,,
1150 3243 1224 3302 Verg.

153 3332 215 3377 Aen.
235 3332 275 3388 11,
296 3331 344 3376 145
365 3326 398 3394 [1.
416 3325 466 3393 ΕΣ).

222 3413 265 3478 72)
282 3414 343 3461 alibi
360 3417 386 3462 in
402 3419 473 3462 01111.
491 3428 612 3473 nusquam
630 3414 678 3461 nisi
697 3429 741 3474 pro
760 3416 832 3462 Rosc.
846 3414 915 3462 Com.
930 3417 959 3461 31
975 3413 1073 3473 legitur,
1091 3414 1133 3460 ubi
1146 3420 1226 3462 trans-

151 3502 201 3548 late
219 3501 314 3548 dicitur.

220 3585 264 3648 73)
281 3578 324 3636 c'in.
346 3583 391 3650 εῑρ,
417 3587 464 3635 nisi
482 3587 548 3646 quod
566 3587 722 3647 participium
747 3586 888 3634 divenditus
912 3586 977 3646 apud
995 3585 1095 3632 Livium
1113 3592 1138 3634 at
1156 3586 1225 3633 Γ1101-

151 3676 203 3719 tum
221 3677 332 3733 apparet.

221 3754 264 3824 74)
282 3759 354 3817 Quod
372 3760 521 3808 adiectivum
539 3761 678 3820 pervulgati
697 3760 762 3821 apud
775 3760 854 3807 01001.
868 3759 1000 3819 perniciosi
1012 3759 1127 3806 vocabuli
1145 3760 1225 3806 locum

151 3849 238 3892 tenens
255 3845 315 3892 satis
333 3859 388 3891 raro
406 3846 547 3905 invenitur,
566 3847 590 3892 in
609 3852 681 3895 oratt.
699 3847 798 3906 quidem
816 3846 874 3893 alibi
894 3860 1015 3905 nusquam
1032 3847 1080 3892 nisi
1098 3846 1161 3892 dom.
1182 3846 1222 3900 61,

151 3929 193 3976 ubi
212 3931 247 3977 sic
264 3929 386 3978 Graevius
404 3932 427 3978 id
446 3933 511 3990 quod
529 3932 656 3980 Parisinus
674 3933 749 3980 habet
766 3933 942 3991 „innocivum“
960 3933 1013 3978 iure
1031 3930 1141 3977 mutavit.

222 4013 264 4081 tc)
282 4018 397 4064 Forsitan
415 4017 481 4064 hunc
496 4018 664 4066 adverbIalem
691 4019 881 4080 praepositioms
905 4023 1007 4078 propter
1028 4029 1098 4062 nsum
1116 4014 1225 4061 sermoni

151 4103 248 4161 volgari
265 4108 307 4149 aut
324 4103 439 4149 familiari
456 4102 531 4149 tribui
549 4105 681 4164 malueris;
699 4105 751 4151 vid.
769 4103 905 4152 Hallmuth.
923 4105 939 4164 ξ
959 4105 999 4150 62.
