2752 4620
580 276 793 371 --73-Ι

211 433 342 508 „lendum
365 436 509 493 inimicum
532 436 661 493 conicere
686 442 716 490 ct
736 431 828 507 magis
849 447 905 486 res,
918 445 1000 505 quom
1024 424 1109 483 carbo
1132 426 1224 482 r‘nlcn·
1272 471 1278 481 .

214 538 300 611 „darc
321 538 445 595 strodel.“

234 639 318 702 Quae
340 640 489 700 sententia
511 642 602 699 habet
631 658 701 699 sane
724 636 855 717 aliquid,
887 634 966 714 quod
996 632 1133 691 omnibus
1159 629 1222 686 fere

123 757 126 762 ’
146 742 234 803 valde
256 743 385 803 arrideat
407 763 527 824 quoque
549 744 686 803 commoti
711 743 760 804 vel
781 742 840 818 ipsi
864 739 935 820 quin
958 737 1136 812 ascriptores
1159 731 1222 789 eius

103 897 105 901 ,
146 847 322 925 fateremur,
354 867 414 905 non
443 847 569 905 multum
597 847 680 906 afuit.
732 847 848 905 Iustum
878 842 957 902 enim
983 838 1124 899 iudicium
1153 833 1224 894 tulit

147 947 351 1008 Hellmuthius
382 951 418 1007 de
448 970 483 1008 ea
513 970 558 1023 re,
592 970 651 1030 qua
678 954 778 1009 mente
808 969 841 1007 ac
862 945 1017 1008 voluntate
1039 941 1140 1001 Cicero
1168 939 1223 994 has

147 1050 296 1111 orationes
319 1052 493 1128 scripsisset,
517 1072 556 1112 sc.
580 1058 613 1112 ut
635 1072 764 1125 ,omnem
786 1051 846 1110 vim
864 1046 1054 1127 eloquentiae
1077 1044 1112 1103 ad
1135 1042 1222 1102 cesti-

145 1155 273 1228 gandum
297 1159 386 1233 atque
409 1154 633 1229 pervellendum
654 1156 808 1214 inimicum
828 1153 963 1212 conicere
986 1150 1137 1209 studeret‘
1180 1148 1222 1206 At

146 1255 271 1316 altarum
295 1258 436 1336 quiddam
459 1278 519 1317 non
541 1257 630 1333 plane
652 1259 772 1319 videtur
793 1255 990 1334 perspexisse,
1014 1269 1121 1327 nempe
1142 1250 1220 1328 quod

147 1357 220 1418 dicit
242 1359 435 1435 ,Philippicas
457 1363 607 1420 orationes
636 1382 696 1420 non
720 1381 783 1420 esse
806 1357 1040 1419 adnumerandas
1062 1354 1114 1425 iis,
1147 1369 1222 1431 quae

145 1461 304 1520 verborum
328 1469 435 1522 ornatu
457 1463 622 1524 illustratae
645 1483 679 1523 ac
701 1464 857 1524 distinctae
881 1465 969 1520 sunt‘
1013 1460 1090 1517 Nam
1113 1456 1221 1515 omissa

147 1563 261 1639 tropica
291 1564 435 1638 dictione,
467 1586 555 1645 quam
584 1572 614 1625 et
640 1567 735 1643 ipsam
765 1567 802 1623 ad
824 1566 885 1625 vim
914 1561 1056 1622 orationis
1087 1564 1220 1635 spectare

145 1685 216 1726 sane
238 1667 278 1726 sit
291 1669 520 1740 concedendam,
546 1669 654 1727 omissa
678 1669 767 1727 etiam
789 1667 979 1737 abundantia,
1003 1682 1091 1743 quam
1114 1663 1220 1720 iterum

146 1770 229 1848 quasi
259 1771 295 1828 ad
318 1772 502 1830 obruendum
530 1776 626 1829 totum
655 1770 855 1830 adversarium
886 1768 986 1829 valere
1018 1765 1220 1834 concedamus,

83 1891 85 1895 ’
146 1878 244 1931 tamen
269 1873 417 1948 permulta
439 1877 596 1932 remanent
612 1873 738 1952 quaesiti
762 1876 883 1932 ornatus
897 1869 1034 1944 vestigia,
1056 1865 1222 1941 insigniora

103 1983 106 1987 ’
146 1975 234 2033 etiam
257 1977 410 2055 magisque
433 1995 467 2034 eo
490 1975 685 2051 respicienda,
708 1977 787 2054 quod
810 1976 840 2033 id
863 1979 943 2033 certe
965 1977 1011 2030 est
1033 1968 1220 2031 statuendum

146 2096 206 2135 non
236 2077 361 2136 nimium
384 2079 557 2137 Ciceronem
586 2084 638 2138 aut
667 2079 811 2154 temporis
840 2084 891 2138 aut
919 2076 1092 2152 diligentiae
1119 2076 1151 2132 in
1173 2075 1220 2133 his

146 2179 333 2239 elaborandis
349 2182 566 2257 consumpsisse
583 2182 776 2240 orationibus.
822 2183 941 2240 Revoca
963 2180 1018 2240 tibi
1041 2180 1072 2237 in
1092 2182 1220 2237 mentem

122 2273 344 2361 ’ἀναστροφῆς
366 2283 511 2360 exempla,
534 2303 642 2344 revoca
664 2286 940 2362 contrapositorum,
965 2303 1040 2366 quae
1061 2282 1168 2360 partim
1184 2282 1220 2340 ad

144 2385 267 2443 verbum
298 2387 499 2462 excerpsimus
529 2387 652 2462 partim,
684 2387 735 2445 nbi
759 2388 983 2462 invenirentur,
1013 2388 1220 2459 indicavimus,

143 2503 251 2546 revoca
273 2494 347 2567 quot
368 2508 456 2567 quam
478 2490 638 2549 artificiosa
658 2491 960 2552 homoioteleutornm
981 2491 1119 2568 exempla
1141 2494 1220 2550 attu-

144 2591 274 2651 lerimus.
319 2593 458 2673 Denique
486 2613 557 2670 prae
585 2593 691 2652 ceteris
713 2593 744 2651 id
767 2595 821 2652 tibi
844 2596 946 2655 veniat
967 2594 1058 2654 velim
1081 2595 1113 2651 in
1136 2612 1218 2651 men·

145 2699 221 2768 tem,
255 2715 343 2776 quam
373 2697 506 2771 insignes
537 2695 794 2754 annominationes
817 2702 847 2756 et
870 2696 1095 2755 allitterationes
1117 2697 1148 2753 in
1171 2695 1219 2753 his

145 2804 302 2858 occurrant
324 2799 524 2856 orationibus:
552 2797 610 2854 iam
634 2807 706 2872 puto
729 2797 808 2870 fore,
832 2804 865 2857 ut
888 2798 1004 2857 desinas
1028 2801 1064 2857 de
1086 2818 1145 2857 una
1165 2798 1220 2858 illa

144 2901 275 2977 cogitare
290 2920 386 2961 causa.
431 2903 470 2961 Et
484 2901 567 2977 ipsae
583 2899 659 2972 illae,
685 2918 809 2978 quarum
832 2909 981 2978 postremo
1004 2903 1069 2961 loco
1093 2901 1218 2961 mentio-

145 3024 212 3063 nem
233 3005 367 3076 feoimus,
391 3005 650 3063 annominationes
667 3007 697 3062 et
712 3002 939 3065 allitterationes
955 3006 1039 3084 quasi
1056 3006 1219 3065 obtrudunt

143 3107 250 3166 animis
281 3107 390 3165 uostris
420 3108 506 3165 aliam
538 3124 655 3164 causam
685 3125 786 3164 rursus
816 3112 946 3166 mutatae
977 3109 1127 3167 Ciceronis
1158 3108 1217 3167 elo-

143 3210 298 3288 quentiae:
328 3229 366 3267 ne
388 3211 494 3282 multa,
525 3210 623 3266 faeere
646 3228 706 3266 non
730 3229 864 3284 possum,
897 3210 970 3290 quin
993 3210 1164 3269 Ciceronem
1186 3209 1218 3268 in

143 3312 320 3389 Philippicis
349 3313 444 3387 magis
466 3332 497 3371 se
520 3312 609 3371 etiam
633 3331 721 3390 quam
744 3312 776 3370 in
798 3312 911 3371 mediae
934 3331 1004 3372 suae
1025 3313 1132 3373 aetatis
1154 3332 1218 3371 ora·

143 3414 274 3472 tionibus
298 3415 477 3475 Asiatico
502 3415 617 3475 dedisse
641 3416 743 3491 generi
766 3416 903 3492 cogitem,
947 3415 983 3473 Id
1000 3417 1078 3494 quod
1100 3413 1218 3473 facilem
1301 3487 1302 3490 Ἴ

143 3535 213 3574 sane
235 3518 328 3577 habet
349 3519 588 3595 explicationem.
634 3520 792 3578 Liberatus
815 3520 893 3578 enim
916 3519 1073 3578 interfecto
1094 3519 1217 3577 Caesare

142 3619 272 3693 abhoc,
296 3624 374 3699 quod
397 3622 441 3680 illi
465 3623 584 3700 quidem
606 3622 777 3694 videbatur,
800 3642 892 3697 regno
917 3642 980 3681 cum
1005 3622 1096 3680 totius
1118 3621 1216 3696 reipu-

141 3722 236 3782 blicae
258 3727 321 3782 term
342 3724 574 3802 iudiciorum-et
596 3722 798 3796 comitiorum,
830 3725 924 3799 magis
946 3725 1031 3804 quasi
1054 3725 1218 3784 exsultavit

141 3827 243 3886 Cicero
266 3846 320 3885 nec
342 3826 437 3884 solum
459 3826 573 3901 recepit
588 3843 619 3883 se
635 3825 671 3883 ad
686 3825 759 3883 illud
776 3825 892 3885 dicendi
909 3847 1011 3903 genus,
1035 3828 1216 3907 quodmodo

142 3938 292 4007 tamquam
323 3928 436 3987 invitus
465 3928 642 4008 reliquerat,
666 3930 717 3987 sed
742 3929 770 3987 id
795 3930 883 3988 ctiam
906 3937 952 3991 est
973 3951 1117 4007 egressus.
1159 3937 1216 3989 Ao-

141 4032 238 4104 cessit,
261 4031 340 4110 quod
356 4031 412 4089 hoc
427 4031 524 4107 ipsum
541 4032 683 4091 Asianum
702 4032 816 4091 dicendi
834 4053 928 4108 genus
942 4034 1079 4112 inprimis
1094 4039 1216 4110 propter
1304 4023 1306 4027 ’

140 4134 291 4210 vulgarem
320 4134 593 4217 redundantemque
624 4136 782 4197 dictionem
812 4137 916 4213 procul
945 4136 1034 4196 dubio
1059 4138 1102 4210 ci,
1135 4139 1215 4217 quod
