2752 4620
587 243 802 308 ..54-

157 405 207 462 itte
228 402 502 473 moderatione,
536 421 606 460 noa
637 401 853 458 inventione
882 398 1040 476 superaret.
1083 397 1235 457 detentis

234 510 263 566 io
287 507 358 582 ipsis
379 507 506 564 nummis
525 504 664 562 sedatior.
712 503 837 577 Gorgias
858 510 953 560 autem
1058 498 1102 557 dis
1115 497 1234 578 scruti·

157 608 264 668 tatibus
370 608 538 666 o'osaoleotiue
568 608 677 677 utitur,
711 623 783 680 quos
809 606 987 665 Isocrates.
1004 645 1036 662 ..
1059 602 1231 662 moderatius

156 714 211 770 iam
235 712 428 788 temperaoit‘,
454 709 594 785 deinceps
616 709 690 767 haee
712 707 850 783 legantur
872 707 961 780 ,Qot‘ra
984 706 1068 764 ettam
1090 707 1230 782 seipse

157 823 314 884 tontum,
348 822 523 890 quantum
544 809 719 888 procedebat
824 810 964 893 uimia‘,
997 807 1127 888 denique
1146 807 1234 868 hece:

157 918 217 986 ,lta
238 935 296 973 noa
320 913 401 972 modo
423 915 605 991 superiores,
630 912 787 971 sedetiam
809 930 841 969 se
862 913 924 986 ipse
945 916 1143 980 correxerat‘,
1167 910 1235 970 luce

156 1019 191 1078 fit
213 1017 320 1077 elarius
342 1015 494 1074 laudari
517 1019 677 1092 propterea
697 1014 747 1073 hie
769 1033 787 1072 a
810 1014 952 1073 Cicerone
967 1013 1145 1073 Isocratem:
1165 1011 1234 1072 ideo

157 1124 274 1180 tautum
289 1120 382 1190 abest,
405 1123 440 1177 ut
460 1117 510 1176 hie
525 1117 672 1178 Isocrates
694 1137 711 1176 a
733 1115 950 1193 perfectissima
964 1113 1181 1191 compositione
1202 1114 1236 1175 iu

157 1225 311 1281 senectute
334 1221 476 1298 (ceterum
499 1238 655 1296 perperam
678 1219 714 1278 de
736 1223 889 1280 senectute
912 1217 1064 1278 Wiietium
1087 1217 1236 1294 cogitasse

156 1329 230 1400 puto
259 1322 312 1382 illa
338 1327 463 1396 ,tantum
487 1326 631 1401 quantum
654 1326 751 1382 aetate
778 1323 968 1399 procedebat‘
995 1320 1158 1397 legentem)
1187 1340 1235 1380 re·

157 1424 279 1485 cessisse
301 1425 424 1497 dicatur,
448 1428 620 1486 attentum
643 1428 788 1503 quantum
809 1429 907 1484 aetate
928 1425 1120 1500 procederet,
1144 1422 1235 1483 etiam

157 1534 247 1609 atque
270 1527 359 1587 etiem
387 1527 595 1605 perfectiorem
623 1526 787 1586 reddidisse
809 1526 1056 1604 compositionem
1086 1525 1234 1586 laudetur.

143 1630 254 1694 ‘Quam
277 1629 507 1707 explicationem
531 1629 686 1689 confirmat
716 1629 883 1689 simillimus
912 1629 995 1689 locus
1016 1629 1140 1706 Dionys.
1163 1629 1235 1690 Hal.

158 1734 194 1792 de
217 1734 347 1793 Isocrate
369 1733 429 1792 iud.
445 1751 508 1809 cap.
526 1731 602 1791 XIV
620 1739 713 1792 extr:
735 1728 778 1804 ,oi
797 1727 896 1808 μέντοι
919 1721 944 1810 γ’
966 1726 1016 1790 irai
1040 1730 1157 1815 τελευτῇ
1180 1733 1235 1790 τοῦ

159 1832 229 1918 βίον
257 1818 420 1913 γραφέντες
448 1828 531 1913 λόγοι
559 1820 650 1910 ἧττόν
678 1831 732 1893 εἰσι
762 1827 984 1912 μειρακιώδεις,
1018 1824 1058 1903 τός
1079 1825 1119 1894 όν
1140 1823 1235 1912 οἶμαι,

158 1934 267 1996 τελείαν
290 1930 498 2013 ἀντειληφότες
520 1929 574 2013 τήν
596 1929 744 2015 φρόνησιν
767 1928 848 2017 aopi
870 1938 925 1997 τοῦ
946 1929 1064 2016 χρόνον.

243 2041 322 2115 Ergo
344 2041 403 2100 iam
425 2060 480 2116 per
502 2059 533 2100 ee
556 2045 688 2117 spectata
710 2040 786 2113 talis,
810 2039 928 2120 qualem
943 2039 1079 2101 Wiistius
1093 2038 1235 2115 instituit,

157 2143 345 2219 periodorum
377 2143 484 2204 divisio
512 2145 592 2202 haud
621 2143 665 2203 ita
693 2143 857 2220 probabilis
886 2142 933 2202 sit.
978 2142 1057 2206 Quid
1084 2143 1165 2222 quod
1195 2127 1235 2203 ex

156 2245 289 2322 ipsorum
318 2265 507 2305 numerorum
539 2245 712 2305 condicione
737 2264 825 2325 quam
853 2244 1015 2305 fortissime
1044 2245 1072 2304 ei
1093 2245 1235 2308 resisten-

159 2348 227 2405 dum
251 2346 316 2407 est?
356 2347 452 2406 'cadat
475 2347 553 2405 enim
576 2366 696 2407 neeesse
719 2353 765 2407 est
789 2347 897 2407 wustii
920 2348 1081 2422 sententia,
1104 2348 1130 2408 si
1151 2348 1235 2411 (liee-

157 2468 260 2508 ranem
282 2454 440 2528 postquam
463 2454 638 2523 ,senescens‘
661 2449 776 2510 remisit
790 2449 977 2529 aliquantum
991 2451 1028 2510 de
1043 2471 1147 2513 severa
1160 2458 1234 2527 arte,

158 2551 247 2612 etiam
276 2550 422 2613 seniorem
444 2551 556 2611 fastum
578 2571 680 2612 rursus
701 2552 738 2610 ad
761 2568 895 2612 severam
917 2557 1010 2611 artem
1033 2558 1234 2615 revertentem

159 2655 314 2715 cernimus.
682 2660 685 2665 ’

244 2762 289 2818 Ac
312 2759 348 2817 de
371 2758 427 2818 hae
448 2778 480 2817 re
502 2758 629 2819 forsitan
650 2757 709 2817 iam
732 2777 771 2818 ex
792 2759 859 2836 ipsa
872 2777 908 2818 ea
922 2757 1032 2832 tabula,
1056 2779 1144 2838 quam
1159 2760 1232 2821 wu-

158 2861 233 2922 stius
256 2861 393 2934 confecit,
417 2860 517 2936 colligi
538 2861 649 2940 possit:
670 2861 810 2922 Fortasse
832 2861 912 2920 enim
933 2861 1078 2921 nonnulla
1099 2862 1234 2924 indicant

157 2963 217 3020 iam
239 2963 271 3021 in
295 2963 410 3021 duobus
433 2962 536 3038 primis
558 2963 737 3041 Philippicis
759 2964 930 3050 Ciceronem
962 2963 1100 3024 maiorem
1130 2985 1233 3027 rursus

159 3084 280 3141 operam
296 3063 435 3124 clausulis
453 3064 602 3138 tribuisse,
626 3068 712 3126 modo
736 3066 866 3126 animum
889 3067 1027 3126 intendas
1048 3067 1080 3126 in
1103 3088 1233 3130 summas

159 3167 372 3246 disyllaborum
388 3174 419 3226 et
434 3167 722 3247 quadrisyllabamm
738 3169 935 3229 clausularum
950 3169 1066 3230 collatis
1087 3170 1133 3242 iis,
1155 3191 1233 3252 quae

159 3270 295 3330 Wiistiue
328 3290 357 3346 p.
382 3275 420 3329 55
452 3277 482 3329 et
506 3273 544 3327 59
575 3269 729 3342 disseruit,
763 3271 795 3329 in
825 3291 963 3332 numeros
995 3271 1232 3334 ditrochaeorum

158 3373 388 3452 quadrisyllabis
402 3372 525 3433 vecibus
541 3372 723 3446 effectorum,
747 3373 876 3453 denique
896 3374 929 3432 in
945 3375 1131 3437 deehmiaeas
1153 3376 1233 3438 clau·

159 3475 237 3534 sulas
260 3496 299 3534 ex
320 3475 468 3554 bisyllaba
489 3493 562 3535 voce
584 3474 711 3534 iambica
738 3476 927 3552 praecedenti
956 3477 1085 3538 baccheo
1113 3482 1232 3542 eonfor-

158 3581 260 3636 matus.

244 3682 307 3738 Neo
321 3701 392 3740 vero
415 3688 449 3741 ut
470 3680 517 3740 his
539 3684 600 3741 tam
622 3682 725 3757 paucis
747 3658 906 3762 parvisdue
928 3683 987 3742 iam
1009 3683 1083 3744 fidas
1104 3686 1232 3761 indiciis,

158 3783 292 3861 postulo:
324 3802 504 3863 quemquam
532 3783 582 3842 hie
612 3783 661 3844 vel
691 3786 819 3845 maxime
849 3785 923 3845 illud
954 3787 993 3848 sit
1014 3787 1231 3847 admonendum

159 3906 310 3945 numerum
336 3905 395 3944 non
418 3890 569 3964 tamquam
592 3892 675 3945 veste
698 3889 824 3966 quadam
847 3890 979 3950 detracta
999 3889 1086 3950 facile
1113 3888 1230 3948 mutari.

159 3991 214 4053 Sed
238 3989 315 4049 Phil.
330 3988 406 4047 XIV
427 4020 469 4032 -
493 4007 552 4067 qua
575 3988 709 4049 oratione
731 3991 844 4050 nullam
866 3993 902 4050 ad
925 3994 1004 4052 hane
1026 3990 1230 4071 quaestionem
