2752 4620
580 268 792 335 ..15-

532 476 577 524 1v.
607 470 702 542 Ἀπαξ
718 475 844 542 εἰρημένα.

236 582 315 641 Phil.
335 582 382 655 II,
406 586 462 640 101
488 581 764 657 grandife162).
807 581 847 639 ib.
871 586 929 639 104
960 585 1225 658 perbacchari,

152 685 231 762 quod
254 684 430 745 vocabulum
452 684 478 741 si
501 684 575 743 fides
598 688 643 742 est
664 683 801 742 habenda
828 683 933 743 lexicis
962 685 1044 742 nullo
1075 686 1133 743 alio
1165 686 1224 744 nisi

150 786 295 846 hocloco
318 792 348 846 et
370 786 522 845 claudian.
538 788 568 845 b.
587 785 652 844 Get.
671 791 732 844 242
756 786 947 862 conspicitur.
984 786 1051 861 Vll,
1074 793 1110 846 19
1140 808 1225 863 pro·

150 889 438 968 spicientia⁶³).
477 889 551 962 XII,
573 894 590 946 3
615 887 931 964 pacificatorius.
964 889 1005 948 ib.
1026 895 1065 947 24
1089 891 1225 948 subur-

148 991 325 1067 bium⁶⁴).

238 1095 322 1153 Haec
345 1087 396 1151 dc.
420 1090 471 1173 εἶρ.
495 1100 564 1171 apta
588 1093 740 1170 excipiant

371 1246 401 1294 v.
439 1246 565 1308 Singulae
582 1247 709 1307 quaedum
725 1258 802 1295 voces
813 1245 1009 1307 locutionesque

148 1351 344 1428 poeticae,
367 1349 531 1427 priscae,
563 1350 692 1430 denique
715 1368 818 1409 omnes
840 1369 1035 1431 quaecuuque
1058 1352 1163 1430 quavis
1185 1371 1224 1408 ex

148 1459 234 1529 parte
258 1452 475 1533 quaesitius
498 1453 638 1531 quiddam
660 1453 802 1512 videntur
824 1458 973 1528 appetere.

235 1557 435 1615 Poeticam
458 1555 619 1613 dictionem
643 1555 790 1629 stringere
813 1554 888 1612 mihi
911 1555 1052 1615 videntur
1073 1556 1224 1633 haec⁶⁵):

234 1660 307 1734 imp.
323 1658 430 1733 Pomp.
450 1662 489 1715 26
512 1658 652 1716 bellum
675 1659 774 1736 quod
798 1657 1042 1733 coniungunt
1063 1678 1149 1732 reges
1171 1679 1222 1734 po-

148 1759 373 1836 tentissimi⁶⁶)
394 1787 437 1810 =
460 1762 540 1840 quod
563 1760 745 1819 coniunctim
768 1767 884 1833 gerunt.

235 1864 298 1922 Mil.
317 1868 356 1920 98
381 1864 588 1922 centesima
609 1862 677 1920 lux
700 1868 745 1920 est
766 1863 841 1921 haec
862 1864 899 1921 ab
923 1863 1047 1921 interitu
1072 1865 1106 1922 P.
1127 1865 1223 1925 clodii

149 1967 288 2026 etaltera
309 1993 352 2016 =
373 1965 552 2024 centesimus
575 1971 606 2024 et
627 1965 702 2024 alter
724 1965 803 2023 dies:
826 1984 915 2042 quam
937 1966 1147 2041 metonymiam
1170 1970 1223 2027 vix

148 2071 227 2145 apud
249 2069 339 2126 alium
362 2069 497 2127 invenies
518 2071 609 2146 atque
627 2069 705 2143 apud
722 2071 832 2144 poetas,
857 2071 890 2126 ut
905 2067 993 2142 Verg.
1011 2071 1085 2126 Aen.
1103 2070 1142 2142 X,
1161 2076 1222 2128 244

148 2175 277 2230 ercsb'nc
300 2173 368 2241 lum,
395 2171 449 2231 Ov.
468 2171 556 2230 Trist.
574 2173 598 2243 I,
619 2175 665 2242 ll,
683 2175 722 2227 39
746 2172 799 2228 lar
822 2169 976 2239 brumales,
1001 2176 1033 2229 et
1054 2173 1132 2246 apud
1156 2173 1223 2230 Gel-

148 2275 220 2333 lium
244 2281 324 2348 19,9
349 2275 401 2333 lux
423 2293 531 2333 crinas.
579 2272 675 2336 Quam
699 2275 734 2331 ad
757 2292 861 2334 vocem
884 2292 950 2332 cum
972 2273 1063 2331 semel
1085 2277 1222 2350 perveni-

147 2397 219 2450 mus,
242 2378 321 2435 haud
339 2379 473 2436 omittam
492 2378 644 2456 antiquum
663 2377 784 2436 locativi
805 2377 930 2435 formam
954 2375 1028 2434 luci
1052 2377 1130 2435 Phil.
1147 2378 1221 2451 XII,

148 2485 187 2536 25
212 2480 363 2556 conspici:
394 2480 469 2539 alter
499 2499 538 2538 ex
566 2485 652 2539 oratt.
676 2479 774 2552 locus,
805 2481 857 2538 ubi
886 2480 959 2537 haec
987 2480 1083 2538 forma
1112 2487 1218 2554 exstat,

146 2581 222 2639 Tull.
241 2583 279 2640 47
303 2601 364 2641 non
387 2584 424 2641 ab
447 2583 528 2641 omni
549 2582 737 2642 dubitatione
759 2587 892 2641 remotus
914 2589 969 2643 est.

231 2685 450 2764 Antiquitatum
467 2686 561 2759 magis
577 2685 713 2743 redolent
729 2684 793 2742 llil.
810 2690 867 2744 61:
890 2705 1006 2744 omnem
1028 2687 1133 2746 Italiae
1155 2709 1219 2764 pu-

145 2787 239 2843 bem:
263 2786 341 2864 quod
365 2787 583 2845 substantivum
605 2787 654 2843 hic
674 2786 751 2844 idem
768 2786 850 2845 valet
871 2806 905 2846 ac
924 2801 1058 2848 nostrum
1081 2791 1219 2871 „wcffim-

137 2884 245 2964 subige
266 2888 400 2961 lugend‘
411 2887 423 2924 ⁶
433 2886 472 2963 ⁷).

232 2987 371 3066 Denique
400 2989 432 3046 in
454 2989 510 3047 hae
532 2988 625 3048 classe
654 2990 742 3050 liceat
763 2993 837 3051 haec
859 3012 1048 3054 enumcrare:
1079 2997 1157 3055 Phil.
1177 2999 1218 3072 Il,

220 3190 263 3255 62)
281 3207 408 3252 perrarum
427 3208 481 3242 esse
500 3193 646 3241 vocabulum
664 3194 778 3244 Halmius
795 3197 825 3244 ad
844 3197 869 3247 h.
882 3200 899 3245 l.
917 3199 1008 3247 indicat
1025 3215 1105 3260 neque
1123 3203 1166 3249 alii
1183 3204 1219 3249 as-

145 3280 256 3327 seruntur
278 3296 294 3328 a
317 3281 388 3328 Fore.
415 3282 463 3329 loci
488 3281 535 3328 nisi
560 3282 619 3327 Nec.
645 3282 738 3342 Puneg.
765 3283 894 3332 Constant
919 3287 943 3331 3.
978 3287 1050 3332 Auct.
1075 3288 1127 3334 itin.
1147 3291 1218 3335 Alex.

145 3367 179 3412 Μ.
198 3371 238 3414 51.
265 3390 285 3410 .ae

215 3449 258 3518 63)
276 3456 314 3500 est
330 3444 374 3504 ἅπ.
395 3449 440 3516 εἰρ.
458 3457 485 3500 ut
502 3451 616 3511 videtur,
635 3458 806 3512 praeterquam
824 3455 890 3513 qnod
908 3454 939 3501 eb
957 3455 1131 3503 recentissimis
1149 3472 1218 3504 usur·

146 3542 217 3597 patur
234 3540 394 3600 scriptoribus
411 3544 437 3586 ut
455 3554 470 3586 a
487 3539 629 3594 Chalcidiis,
648 3540 786 3588 Ambrosiis
806 3541 837 3601 [a.
857 3539 902 3599 sl.

214 3624 256 3692 64)
274 3628 321 3674 hoc
338 3627 493 3685 vocabulum,
511 3640 560 3684 quo
578 3627 747 3685 significentur
764 3628 921 3684 ,trequentes
939 3630 1009 3673 extre
1025 3628 1113 3676 urbem
1130 3633 1217 3679 domus

144 3711 222 3760 instar
239 3713 287 3761 vici
306 3714 393 3760 urbani
411 3714 569 3760 aedificatae“
587 3712 683 3772 (Foro.)
701 3726 822 3770 nusquam
840 3713 900 3758 alibi
919 3712 1025 3760 inveniri
1042 3716 1148 3764 videtur.

214 3797 258 3858 66)
275 3798 333 3845 vide
350 3800 424 3847 etiam
441 3801 507 3846 intra
522 3800 587 3846 inter
604 3805 690 3858 tropos
707 3798 770 3846 Phil.
789 3799 810 3857 1,
829 3800 852 3845 b.

216 3882 259 3946 66)
277 3883 393 3930 Kloteius
408 3885 434 3930 in
453 3886 603 3931 onomastico
622 3898 667 3932 suo
687 3885 759 3931 affert
783 3898 814 3930 ox
831 3883 874 3930 sil.
896 3886 940 3943 15,
959 3888 1007 3934 bl:
1035 3890 1138 3936 Martem
1161 3906 1216 3938 coa-

143 3971 239 4029 iauqcre
256 3975 279 4015 et
295 3967 420 4029 duplicare
437 3969 509 4015 coiea

215 4053 258 4118 67)
276 4069 325 4114 qua
343 4055 520 4114 significatione
540 4070 571 4103 ex
588 4055 703 4102 omnibus
721 4060 792 4102 oratt.
811 4057 858 4105 hoc
875 4072 924 4105 uno
941 4059 1080 4119 praeditum
1097 4065 1135 4108 ast
1152 4062 1214 4112 loco.

145 4138 183 4189 cf.
202 4141 269 4188 Post.
288 4156 312 4201 p.
325 4143 382 4197 253.
401 4141 481 4187 Plaut.
499 4141 587 4189 Pseud.
608 4143 664 4188 1¹23.
