2752 4620
591 281 783 342 ..5-

149 429 221 496 odit
244 430 435 513 sepriensibus
459 431 563 494 πολλοὶ
585 428 713 511 δύναμιν
734 431 828 511 ἔσχον,
852 426 898 492 ὅτι
920 427 961 509 μὴ
984 427 1076 510 μόνος
1096 426 1225 511 Ἰσοκρά-

150 562 212 617 της.
238 583 244 597 .
269 584 277 598 .
301 584 307 598 .

235 645 346 703 Contra
361 642 466 702 Asiani
488 642 572 716 etii,
596 642 648 721 qui
670 641 703 698 in
726 640 849 699 Graecia
870 640 1045 712 floruerunt,
1068 640 1151 712 etii,
1174 639 1226 719 qui

148 747 217 807 illos
239 747 351 806 Romae
381 749 451 805 sunt
480 745 588 817 secuti,
620 764 696 820 puro
727 743 916 821 elegantique
947 742 1075 801 sermoni
1097 762 1158 801 non
1180 742 1226 799 ni-

149 849 240 907 mium
269 847 490 924 tribueruntl).
535 851 636 926 Atque
665 847 712 906 his
742 847 862 925 quidem
885 845 987 904 (licere
1017 845 1142 904 restitit:
1175 845 1226 904 sed

147 951 252 1026 procul
275 951 364 1009 dubio
388 952 444 1009 hac
468 969 587 1030 quoque
609 950 643 1007 in
664 970 697 1009 re
719 951 796 1010 sicut
817 949 849 1006 in
873 952 936 1008 toto
960 967 1070 1022 genere
1093 948 1224 1005 nondum

147 1053 193 1125 iis,
218 1052 269 1132 qui
293 1053 456 1113 severiores
472 1071 560 1113 verae
582 1052 722 1111 dictionis
739 1051 857 1112 Atticae
873 1050 1093 1109 existimatores
1116 1054 1146 1109 et
1159 1049 1226 1106 imi-

147 1161 259 1214 tatores
281 1156 477 1229 exstiterunt,
500 1157 692 1231 probabatur.
737 1153 943 1212 Hellmuthius
967 1153 1087 1232 quidem
1109 1152 1225 1211 Cicero-

148 1277 216 1316 nem
244 1262 275 1317 et
302 1258 334 1316 in
356 1257 506 1335 prioribus
536 1258 722 1319 orationibus
748 1256 898 1334 permulta
927 1260 1093 1316 mutuatum
1122 1273 1227 1313 essea

53 1412 58 1427 ,
148 1360 268 1436 plebeio
291 1381 427 1420 sermone
450 1361 558 1420 necin
581 1361 797 1436 posterioribus
819 1379 940 1438 prorsus
968 1357 1022 1418 tali
1043 1358 1159 1418 ratione
1182 1357 1226 1414 di-

150 1463 235 1523 cendi
259 1463 437 1522 abstinuisse
460 1463 684 1525 demonstravit.

232 1567 297 1623 Iam
327 1586 367 1625 ex
388 1565 436 1624 his
458 1565 537 1625 effici
566 1570 681 1640 potest,
714 1567 858 1645 quantum
888 1563 979 1623 huius
1010 1561 1226 1621 dissertationis

148 1668 268 1728 intersit
291 1669 327 1726 de
350 1667 539 1746 elegantia⁸)
561 1687 705 1748 quaerere
727 1687 828 1726 earum
851 1686 927 1746 quae
949 1666 981 1724 in
1004 1665 1225 1726 contentionem

149 1774 295 1830 vocantur
318 1770 502 1831 orationum:
531 1772 605 1829 adde
629 1771 708 1849 quod
731 1770 838 1828 Caesar
859 1769 891 1826 in
913 1768 1009 1843 primo
1031 1770 1067 1827 de
1090 1767 1227 1842 analogia

148 1872 225 1930 libro
249 1872 327 1932 dixit
348 1874 508 1934 verborum
532 1873 678 1933 delectum
700 1871 845 1944 originem
868 1889 932 1929 esse
955 1870 1144 1948 eloquentiae
1173 1869 1224 1945 (cf.

149 1973 210 2032 cie.
233 1973 315 2032 Brut.
340 1974 425 2051 253).

233 2078 297 2135 Iam
328 2097 402 2157 quas
431 2097 479 2138 res
508 2098 567 2157 qua
595 2077 711 2137 ratione
739 2077 880 2151 indagare
902 2076 1028 2137 velimus
1050 2075 1152 2152 paucis
1174 2095 1225 2134 ex-

146 2197 308 2253 ponamus:
331 2180 469 2256 Volgaris
483 2181 628 2240 sermonis
643 2180 771 2255 vestigia
793 2181 845 2238 ubi
861 2179 1061 2251 inveniantur,
1083 2179 1116 2236 in
1130 2178 1226 2237 lucem

147 2284 281 2357 proferre
312 2305 373 2343 non
395 2286 505 2344 nullius
528 2286 586 2344 erit
606 2287 766 2345 momenti:
797 2286 833 2343 ad
864 2303 939 2362 quae
968 2283 1137 2358 indaganda
1164 2303 1225 2341 non

148 2390 207 2458 est,
238 2407 297 2466 quo
328 2389 450 2447 meliore
480 2393 598 2448 utamur
625 2391 698 2449 duee
727 2409 815 2469 quam
839 2388 986 2448 Wb'lfflini
1016 2387 1224 2446 dissertatione

218 2605 243 2671 7)
261 2610 386 2658 Romanos
404 2615 514 2658 oratores
526 2612 633 2659 Asianos
651 2613 724 2659 etiam
738 2611 835 2672 volgari
848 2611 945 2657 cuidam
956 2611 1090 2657 indulsisse
1102 2611 1223 2658 sermonis

151 2695 237 2754 generi
256 2695 329 2742 facile
346 2696 380 2743 sit
398 2697 504 2757 probatu
522 2697 569 2743 nisi
587 2697 636 2744 alie
654 2712 684 2744 ex
702 2713 737 2756 re,
756 2701 864 2744 attamen
882 2711 912 2743 ex
930 2695 1026 2743 duobus
1044 2696 1129 2755 primis
1146 2696 1223 2756 ipsius

148 2779 275 2827 Ciceronis
301 2781 461 2830 orationibus.
497 2784 550 2829 Nec
567 2799 617 2830 non
634 2783 714 2843 ipsam
732 2785 778 2831 hac
795 2797 893 2842 quoque
911 2783 937 2828 in
955 2798 982 2830 re
1000 2783 1120 2842 praeiisse
1138 2782 1223 2830 Asiam

147 2864 208 2911 mihi
233 2865 332 2923 quidem
358 2867 438 2913 habeo
463 2881 623 2926 persuasum,
650 2869 696 2914 etsi
713 2884 763 2915 non
780 2868 866 2927 primis
883 2867 1033 2915 innascentis
1051 2869 1124 2915 modo
1143 2886 1223 2917 novae

149 2950 305 3008 eloquentiae
330 2951 497 3011 temporibus,
525 2956 551 2998 at
568 2953 686 3000 Hortensi
710 2959 775 3001 certe
799 2958 879 3001 aetate
903 2955 1033 3014 paulloque
1051 2960 1115 3002 ante.
1151 2957 1224 3016 Apud

147 3035 228 3095 ipsum
245 3041 327 3082 autem
344 3037 479 3097 Hegesiam
497 3037 650 3085 notissimum
667 3040 732 3087 illius
751 3041 906 3099 eloquentiae
925 3040 1063 3099 genitorem
1081 3041 1107 3087 in
1126 3043 1156 3089 iis
1170 3046 1222 3102 qui·

146 3121 210 3178 dem,
229 3135 291 3179 qnae
309 3123 341 3168 ad
359 3127 468 3170 nostram
487 3129 592 3172 aetatem
610 3112 768 3183 duraverunt,
788 3126 899 3185 reliquiis
914 3126 1025 3185 volgaris
1037 3129 1158 3176 sermonis
1170 3132 1223 3176 nul-

147 3208 199 3253 lum
218 3207 269 3254 sere
287 3207 428 3256 invenimus
446 3208 588 3270 vestigium,
607 3210 655 3257 nisi
673 3211 721 3257 hnc
739 3211 779 3259 vis
792 3213 885 3259 referre
897 3206 1057 3274 Πιλούμενος
1068 3213 1121 3269 τοῖς
1133 3218 1223 3273 κακοῖς

146 3295 171 3339 et
188 3285 217 3341 τὸ
237 3288 314 3355 στέαρ
332 3291 381 3354 τῆς
398 3290 529 3356 rastede,
548 3309 610 3354 quae
629 3295 653 3342 in
672 3297 811 3356 fragmento
829 3301 927 3344 exstant
944 3311 959 3343 a
976 3296 1096 3356 Dionysio
1115 3298 1173 3347 Hal.
1192 3301 1222 3347 de

148 3392 230 3438 comp.
250 3378 319 3426 verb.
339 3383 398 3426 tom.
411 3379 449 3439 V,
468 3395 491 3439 p.
507 3380 557 3428 120
575 3382 605 3427 R.
625 3386 741 3430 servato:
767 3383 833 3430 bunc
857 3384 1002 3444 plerumque
1024 3383 1102 3442 tropis
1128 3389 1222 3436 tantum

148 3463 277 3510 immodice
301 3462 424 3511 cernimus
448 3465 607 3525 gestientem,
634 3466 659 3512 id
684 3467 750 3526 qnod
774 3469 796 3514 ei
815 3467 1011 3527 Agatharchides
1035 3482 1130 3515 summo
1148 3472 1223 3518 vertit

148 3548 294 3608 opprobrio:
321 3565 397 3609 qnare
415 3552 446 3598 de
464 3552 511 3598 hoc
529 3556 599 3600 eante
617 3552 689 3600 modo
708 3555 767 3601 licet
784 3554 908 3611 iudicare,
929 3567 1078 3612 quamquam
1096 3569 1145 3601 non
1165 3572 1221 3616 pos-

148 3647 202 3679 sum
220 3649 269 3681 non
287 3636 377 3684 addere
401 3651 440 3684 me
458 3637 505 3685 hac
528 3638 553 3684 in
572 3652 599 3686 re
624 3653 673 3685 non
692 3639 762 3686 flocci
787 3639 881 3697 facere,
910 3638 975 3697 quod
993 3638 1113 3699 Hegesias
1130 3642 1221 3702 Lysiae

147 3718 236 3766 dicitur
253 3719 362 3767 imitator
379 3721 420 3785 (os.
439 3721 491 3769 Cic.
510 3723 579 3770 Brut.
600 3720 709 3787 stelas,
728 3739 763 3771 or.
783 3723 861 3788 226),
880 3739 936 3771 cum
954 3724 1000 3772 hoc
1017 3726 1048 3772 ad
1067 3728 1221 3786 compositio-

147 3819 204 3852 nem
221 3808 317 3851 tsntum
335 3807 457 3864 pertinere
476 3808 587 3856 Blassius
605 3811 665 3856 mihi
683 3811 840 3871 persuaserit.
877 3810 993 3858 Ceterum
1015 3827 1046 3859 ne
1072 3814 1221 3870 posteriores

147 3891 244 3949 quidem
262 3890 369 3938 Asianos
387 3893 498 3939 consulto
516 3909 604 3953 puram
622 3897 809 3955 elegantemque
821 3897 953 3945 dialectum
971 3903 1030 3958 puto
1043 3899 1220 3956 contempsisse

146 3974 188 4039 (cf.
208 3976 354 4023 Mommseni
372 3976 429 4024 hist.
443 3978 578 4026 Rom.111⁶
597 3996 621 4040 p.
635 3983 684 4029 578
700 3978 755 4045 sq),
775 3983 818 4030 sed
837 3988 863 4030 ut
881 3984 986 4031 diximus
1004 3983 1051 4030 sibi
1071 3987 1165 4028 tanturn
1184 3983 1219 4029 in·

148 4060 262 4109 dulsisse.

216 4144 241 4210 8)
260 4146 284 4193 ld
303 4150 341 4195 est
358 4148 389 4195 de
407 4149 529 4198 latinitate
547 4155 572 4197 et
589 4151 770 4212 explanatione,
788 4154 816 4198 nt
833 4152 922 4199 dividit
939 4152 1033 4200 (tornis.
1051 4153 1068 4201 l.
1081 4152 1098 4197 l.
