2752 4620
587 233 800 297 ..13-

156 387 347 464 praedicatio,
371 387 512 463 cogitatio
535 387 583 464 (L.
603 394 630 446 6.
654 390 694 447 D.
712 387 743 466 7)
767 388 919 463 cognatio,
943 390 1091 448 accusatio
1113 389 1162 467 (L.
1183 393 1229 448 ll.

156 489 195 546 D.
214 490 247 562 73
271 491 324 567 22)
346 490 516 567 postulatio,
540 491 677 559 secessio,
700 491 854 563 dissensio,
877 491 953 551 ratio
975 491 1024 568 (L.
1039 498 1089 550 30.
1113 493 1149 549 D.
1167 493 1231 569 27),

157 592 381 664 commendatio,
405 593 558 671 quaestio,
582 593 752 666 contentio,
775 594 870 666 actio,
893 596 1094 670 perturbatio,
1117 596 1232 654 exerci-

158 693 241 765 tatio,
258 695 393 766 offensio,
416 695 579 767 excusatio,
604 695 793 772 conspiratio,
814 697 923 768 auctio,
946 698 1038 773 potio,
1061 699 1230 772 trepidatio,

157 797 302 869 excursio,
326 796 517 864 existimatio,
537 797 702 870 admiratio,
725 798 895 874 procuratio
911 805 1120 858 -accusator
1136 799 1186 877 (L.
1202 807 1230 859 2.

159 899 197 956 D.
217 904 253 972 2;
277 898 311 970 7;
335 897 397 976 31),
420 899 583 977 imperator
605 899 655 977 (D.
673 904 727 970 11;
750 906 806 972 22;
827 901 889 977 36),
912 908 1023 973 auctor,
1047 921 1159 975 suasor,
1182 905 1248 961 ad-'

157 1001 247 1075 iuter,
269 1002 367 1061 victor
388 1002 437 1080 (D.
456 1007 511 1073 333
529 1003 591 1079 41),
615 1023 681 1062 oum
704 1003 839 1082 alioquin
861 1005 939 1062 haud
963 1004 1006 1064 ita
1024 1009 1109 1063 caute
1131 1024 1233 1081 parce-

159 1121 217 1181 que
245 1103 426 1165 inauditiora
454 1106 602 1181 proferat,
636 1108 714 1185 quod
737 1106 792 1166 tibi
816 1109 890 1166 haec
911 1109 1083 1183 probabunt
1105 1127 1144 1165 ex
1166 1108 1232 1167 aliis

159 1210 246 1265 oratt.
272 1207 427 1284 exempla:

502 1358 525 1390 a.
561 1344 669 1393 Subst.
686 1345 717 1390 in
736 1344 783 1391 ·io
801 1349 891 1392 term.

247 1446 310 1506 Mil.
337 1452 374 1504 54
405 1448 767 1525 tergiversatio42).
812 1449 890 1506 Phil.
922 1451 993 1522 1,7
1028 1452 1233 1509 transmis-

159 1548 285 1625 sio⁴³).
310 1549 352 1623 H,
366 1551 404 1609 57
421 1553 642 1627 peragratio
658 1551 807 1626 itinerum,
823 1553 1231 1630 lustratioagrorum44).

158 1650 200 1709 ib.
220 1657 259 1709 62
282 1657 314 1713 et
337 1658 393 1712 100
417 1655 731 1731 percursatio⁴⁵).
762 1655 803 1714 ib.
820 1660 876 1713 101
898 1654 1207 1732 peregrinatio⁴⁶

159 1754 217 1828 III,
238 1760 275 1815 31
301 1757 569 1835 dispersi0⁴⁷).
608 1758 644 1830 V,
669 1759 702 1814 11
729 1761 759 1816 et
779 1757 870 1830 XIII,
891 1762 928 1815 10
952 1656 1232 1834 dissipat10⁴=⁸i

159 1856 201 1914 ib.
231 1864 271 1915 22
303 1860 518 1920 effrenatio
550 1855 602 1918 tu.
626 1857 677 1940 sip.
724 1860 824 1931 VI,7
856 1860 1232 1935 procrastinati049.

161 1975 365 1986 m-

160 2045 227 2092 alind
245 2047 336 2095 diceret
353 2052 436 2095 orator
453 2048 478 2095 in
497 2049 543 2095 hoo
561 2049 694 2095 verborum
714 2062 793 2094 nexu:
812 2048 893 2105 „Nona
908 2047 1074 2107 profectio
1091 2047 1235 2094 voluntatem

161 2129 246 2178 hahart
261 2147 309 2180 non
326 2141 425 2194 turpem,
443 2135 612 2180 remansio
628 2134 792 2180 necessitatem
809 2134 880 2179 etaiam
897 2133 1054 2179 borwatumW

229 2216 274 2284 42)
292 2220 415 2282 Scriptum
432 2222 530 2268 videtur
547 2222 613 2282 apud
632 2227 695 2268 auct.
714 2220 738 2267 b.
757 2220 833 2266 Afric.
852 2223 905 2278 8,4
923 2225 947 2266 et
965 2220 1076 2266 brostin.
1096 2223 1199 2280 aquaed.
1219 2226 1234 2270 5

164 2298 238 2368 [auct.
258 2306 347 2369 Fore]¹

230 2387 274 2457 43)
292 2392 358 2450 quod
376 2392 434 2440 alibi
453 2394 542 2453 legitur
560 2394 592 2440 ad
609 2393 660 2440 stt.
680 2396 704 2451 4,
725 2396 764 2441 11.
791 2392 907 2440 Ambros.
926 2392 1045 2440 Hexaem.
1065 2394 1088 2450 d,
1109 2394 1148 2440 10.
1177 2392 1236 2440 Cas-

164 2475 226 2522 siod.
246 2476 305 2528 Var.
326 2480 350 2538 2,
369 2481 401 2526 24
419 2478 450 2540 [a.
469 2479 519 2540 ΒΣ).

232 2560 277 2625 44)
295 2577 398 2622 quorum
422 2566 486 2612 illud
504 2558 549 2615 ἅπ.
568 2563 612 2630 εἰρ.
633 2565 742 2624 videtur,
771 2566 832 2623 boo,
858 2564 924 2622 quod
948 2565 973 2610 in
992 2568 1063 2611 oratt.
1083 2579 1132 2611 uno
1150 2570 1237 2612 nostro

164 2648 219 2695 loco
244 2651 395 2710 conspicitur
418 2666 447 2700 ea
473 2652 650 2711 significatione
676 2665 725 2709 qua
749 2651 791 2698 hic
809 2651 883 2697 etiarn
903 2649 974 2696 Tusc.
994 2650 1031 2707 V,
1051 2652 1082 2697 27
1100 2651 1238 2709 praeditum

166 2740 211 2792 est,
230 2736 290 2783 alibi
309 2743 336 2783 ut
353 2751 392 2797 ap.
411 2737 574 2785 Columellam
593 2740 616 2795 2,
637 2739 676 2783 22.
707 2736 762 2782 Liv.
783 2736 823 2792 40,
843 2738 858 2782 6
877 2734 991 2794 expiandi
1009 2740 1090 2782 actum
1108 2737 1236 2794 significat.

232 2819 277 2886 45)
296 2822 394 2869 videtur
410 2814 454 2872 ἅπ.
476 2819 520 2884 εἰρ.

233 2904 278 2969 46)
296 2921 480 2966 nonnumquam
497 2911 600 2967 apparat
617 2905 643 2951 in
662 2905 759 2965 scriptis
776 2904 968 2965 philosophicis,
985 2906 1010 2952 in
1029 2906 1153 2964 epistulis,
1173 2908 1238 2966 apud

167 2991 229 3039 Plin.
250 3008 273 3038 n.
292 2994 328 3052 b.,
345 2993 370 3040 in
389 2998 461 3040 oratt.
480 2991 530 3039 Cic.
549 2993 595 3039 hoc
614 3006 663 3038 uno
680 2992 742 3038 loco.

234 3079 280 3142 47)
298 3079 364 3137 quod
381 3079 500 3138 praebent
517 3079 573 3125 Vat.
593 3085 618 3125 et
635 3078 766 3137 Tagorae,
792 3092 896 3136 quorum
914 3077 1024 3124 codicum
1042 3091 1175 3124 consensus
1193 3080 1238 3126 uti-

167 3176 213 3221 que
237 3163 270 3210 sit
295 3165 441 3222 sequendus.
477 3165 533 3211 Hoc
557 3164 739 3211 substantivum
765 3164 830 3223 apud
848 3177 934 3210 omnes
952 3165 1084 3210 multorum
1103 3165 1239 3210 seculorum

168 3249 301 3308 scriptores
319 3250 411 3298 frustra
428 3264 540 3309 quaeres.
575 3252 632 3297 Non
650 3251 722 3297 aliter
739 3264 779 3298 ras
798 3265 824 3296 se
842 3249 918 3296 habat
935 3250 976 3296 vel
993 3249 1024 3295 de
1041 3263 1082 3306 eo,
1109 3249 1174 3307 quod
1198 3250 1240 3295 ulii

166 3334 286 3395 praebent
302 3335 373 3382 codd.
392 3335 620 3396 ‘disperditio'
645 3336 734 3383 valde
753 3349 799 3396 eo,
825 3334 890 3393 quod
908 3334 1011 3381 coniecit
1028 3333 1143 3380 Klotzius
1162 3333 1239 3380 ‘dis-

166 3419 329 3479 pertitio'.

93 3489 96 3493 Ι
234 3504 279 3569 48)
297 3508 427 3556 Invenitur
443 3508 490 3555 hoc
508 3508 585 3555 subst.
605 3507 677 3554 etiam
696 3507 726 3553 N.
746 3507 778 3553 D.
799 3507 818 3565 I,
839 3509 879 3554 ’11.
905 3505 965 3563 Rep.
986 3502 1019 3560 11,
1037 3505 1069 3550 4:
1094 3504 1120 3550 in
1139 3505 1190 3554 Cic.
1209 3507 1239 3553 de

168 3597 228 3640 orat.
248 3593 304 3640 libr.
316 3595 361 3652 111,
375 3598 423 3643 207
443 3595 536 3653 figurae
554 3595 680 3642 cuiusdam
699 3598 736 3640 ast
754 3606 850 3639 nomen.
888 3589 1002 3636 Ceterum
1020 3589 1063 3635 vix
1082 3604 1183 3638 necesse
1203 3597 1241 3639 est

145 3684 148 3693 ·
170 3677 210 3724 hic
223 3680 408 3726 commemorari
426 3694 457 3726 ex
474 3695 511 3739 eo,
530 3679 596 3738 quod
613 3680 638 3726 in
657 3676 834 3739 philosophicis
846 3675 972 3722 Ciceronis
990 3675 1088 3735 scriptis
1106 3677 1240 3735 invenitur,

167 3763 232 3811 citici
256 3766 366 3812 nondum
389 3779 462 3825 posse
487 3767 602 3813 usitatum
628 3765 704 3810 luisse
729 3763 779 3809 tals
803 3761 985 3808 substantivum
1003 3760 1130 3810 Ciceronis
1149 3769 1238 3821 aetate,

168 3864 223 3897 cum
248 3851 304 3911 ipsa
327 3852 538 3900 substantivorum
563 3851 702 3898 verbalium
725 3849 836 3898 inventio
861 3863 910 3894 non
936 3849 1008 3895 modo
1027 3848 1169 3905 commoda,
1196 3848 1240 3894 sed

167 3937 240 3984 etiarn
259 3938 397 3984 necessaria
415 3951 597 3996 nonnumquam
615 3936 690 3983 fuerit
707 3937 737 3983 de
755 3935 913 3996 philosophia
930 3934 1068 3982 disserenti.

236 4019 281 4083 49)
299 4013 342 4072 r‘r'rr.
362 4026 400 4070 est
418 4020 462 4086 sip.
482 4028 555 4082 atque
572 4022 677 4070 verbum
695 4021 891 4082 procrastinandi
908 4021 934 4067 in
952 4019 1075 4081 prioribus
1093 4022 1188 4065 tantam
1201 4016 1241 4063 Oi·

168 4108 265 4155 caronis
284 4113 357 4167 orqtt.
374 4109 529 4169 conspicitur.
