2752 4620
583 248 797 314 „24-

152 403 168 483 5
186 409 204 462 4
228 405 268 463 ad
277 414 456 482 praesentem
470 414 584 480 pastum
601 407 792 462 mendicitatis
809 425 888 463 suae.
935 406 951 485 5
973 413 989 465 5
1013 427 1075 464 cum
1091 412 1229 486 optimum

152 510 242 565 oscum
273 510 378 565 incesto
408 526 457 564 ore
489 508 655 565 lacerasset.
702 506 752 585 57
786 528 848 565 cum
880 512 1003 567 animum
1033 514 1142 568 satiare
1170 532 1229 570 non

149 618 263 685 posset,
295 611 394 667 oculos
414 613 530 686 paoerit
550 629 627 666 seros.
675 609 748 688 510
771 610 887 668 sorbere
909 615 1002 670 animo
1028 655 1083 670 ...
1108 615 1232 673 bactriae

151 715 324 788 cogitatione
429 693 597 788 sanguinem
621 754 677 770 ...
704 712 809 770 bibere.
857 712 928 792 511
954 726 1036 772 senta
1056 716 1155 792 palma
1178 736 1231 774 ur·

153 813 226 873 bana
248 818 332 873 etnam
356 817 384 872 io
405 815 572 890 gladiatore
593 815 738 894 difficilis.
786 814 859 893 513
891 819 942 894 qui
969 819 1023 894 (aa.
1048 819 1082 876 P.
1106 818 1230 895 Decius)

152 920 289 976 matorum
307 918 438 994 exempla
459 937 630 994 persequens
649 938 705 996 pro
728 918 822 975 alieno
845 937 912 976 aere
933 940 964 977 se
985 920 1105 977 monuit.
1153 918 1230 997 514

152 1039 231 1097 quem
264 1020 341 1077 celtae
369 1020 499 1077 ot'cleotnr
529 1021 635 1077 Furcae
664 1020 835 1078 debitorum.
887 1021 904 1099 5
929 1029 967 1081 36
1000 1040 1038 1080 au
1068 1031 1163 1080 cetera
1192 1043 1233 1080 eoo

151 1124 244 1180 eodem
268 1123 419 1180 latrocicu'o
442 1121 602 1198 naufragus
624 1124 784 1198 collegam?
1252 1116 1255 1120 μ

239 1229 292 1283 Εκ
314 1227 462 1296 Philipp.
486 1228 563 1287 XII.

238 1327 291 1405 52
321 1346 438 1404 quorum
462 1329 491 1384 in
515 1329 595 1384 uultu
621 1328 755 1388 babitant
777 1331 857 1387 oculi
877 1333 942 1387 mei.
988 1329 1040 1408 53
1068 1333 1232 1407 prenestrin-

153 1439 239 1488 :cerat
267 1432 355 1488 aciem
384 1430 543 1507 anzue·⁸⁸).
588 1431 641 1509 55
673 1432 802 1490 discusso
832 1442 875 1489 est
903 1434 957 1490 illa
985 1435 1080 1509 calogo
1187 1433 1231 1490 tt-

155 1534 240 1604 lunit.
288 1531 339 1610 58
364 1533 505 1608 legebnum
532 1553 634 1591 neruos
659 1536 821 1591 incidimus.
868 1535 939 1593 ibid.
963 1536 1096 1593 eacidcnt
1114 1535 1229 1610 gladii:

145 1637 243 1714 fluent
272 1653 354 1692 arnna
385 1635 419 1692 dc
449 1635 591 1694 rorantibus.
638 1635 691 1715 59
722 1638 817 1694 eodem
848 1638 899 1714 (ss.
926 1637 1034 1713 Gallia)
1064 1639 1235 1696 crcedelitoti

153 1740 197 1796 M.
215 1739 329 1795 Arctoni
348 1757 429 1794 sectam
454 1748 540 1796 totum
566 1760 669 1816 cocpcu
692 1740 790 1798 obicit.
837 1739 912 1818 519
936 1743 989 1818 qui
1008 1761 1046 1797 eu
1070 1740 1231 1819 nocasragio

155 1840 295 1898 luculenti
321 1843 494 1918 patrimonii
525 1842 564 1899 ad
593 1843 663 1899 boec
696 1846 863 1901 Antoniana
895 1862 967 1900 sama
997 1846 1142 1919 proiectus
1175 1853 1230 1900 est.

154 1943 226 2021 523
249 1943 349 2022 quibus
372 1946 401 2001 in
425 1945 498 2001 locis
520 1965 585 2002 nram
608 1949 647 2003 sit
670 1948 805 2004 Lentonis
825 1989 832 2003 .
849 1989 856 2002 .
874 1988 881 2003 .
901 1946 1109 2023 septemvirolis
1132 1954 1232 2004 aucto·

154 2050 240 2104 ritas.
289 2045 364 2124 526
387 2047 530 2128 effrenato
554 2049 698 2106 uiolentia.
744 2049 819 2108 ibid.
846 2051 932 2106 Cuius
955 2047 1100 2108 acerbitas
1123 2067 1231 2105 morum

158 2191 214 2206 ...
239 2170 274 2206 no
298 2151 362 2207 oeno
384 2151 495 2226 quaedem
515 2153 660 2227 peramato
684 2154 842 2229 temperari
860 2151 944 2209 solet.

239 2256 293 2310 Ex
314 2255 463 2323 Philipp.
486 2257 583 2312 XIII.

242 2354 295 2433 53
319 2355 372 2412 illo
395 2355 556 2433 naufragia
581 2358 712 2414 Caesaris
735 2359 902 2414 amicorum.
950 2356 1004 2435 55
1031 2359 1071 2415 Hi
1089 2359 1119 2413 ia
1142 2355 1234 2412 oculc's

157 2456 365 2526 laetabimini,
391 2477 453 2515 cum
477 2457 583 2529 licebit,
610 2461 639 2516 in
653 2457 804 2536 saionibus.
852 2460 924 2518 ibid.
950 2458 1053 2536 quibus
1074 2460 1146 2516 enim
1169 2475 1234 2514 soe-

154 2565 215 2639 ptis
246 2569 303 2617 tanc
334 2562 470 2617 ammones
501 2560 600 2617 beluas
632 2560 860 2619 continetiam?
904 2561 959 2639 59
993 2581 1048 2639 quo
1075 2580 1150 2638 pace
1181 2561 1232 2618 Co.

157 2665 272 2741 Pompei
296 2662 396 2739 filium
430 2661 593 2738 respublica
627 2665 768 2741 adspiciet
797 2683 904 2741 suoque
936 2666 1002 2721 sinu
1031 2665 1235 2740 eompleauque

158 2770 288 2845 receptet.
341 2765 358 2844 5
382 2770 419 2824 13
450 2768 479 2823 in
501 2767 566 2823 sibu
681 2768 782 2824 uxoris
816 2767 939 2825 delectas
964 2809 971 2823 .
993 2808 1027 2823 ..
1053 2768 1235 2823 conlectiones

161 2868 326 2928 treacidaoit.
380 2867 455 2947 520
490 2871 576 2927 totitas
606 2869 677 2926 belli
695 2868 840 2948 fluctibus
869 2871 1031 2927 circumiri.
1083 2868 1156 2926 ibid.
1189 2866 1226 2924 ill
1233 2868 1238 2881 '

159 2973 320 3030 exsultanti
340 2980 482 3047 tutoquam
497 2970 604 3049 frenos
617 2970 737 3049 samoris
760 2973 868 3030 abiecit.
916 2970 993 3049 533
1021 2988 1160 3048 praesens
1183 2967 1239 3025 tibi

157 3075 267 3150 etipse
290 3073 405 3143 atille,
440 3071 528 3148 quem
541 3076 708 3144 insimulas,
736 3077 826 3151 pugio
849 3072 1037 3149 respondebit.
1083 3071 1156 3150 535
1179 3089 1236 3128 non

159 3175 311 3234 dolabella
334 3176 419 3250 pricos
448 3177 618 3250 imperatori
643 3195 695 3233 sno
722 3194 805 3252 quam
829 3178 975 3233 Antonius
997 3177 1082 3232 etiam
1105 3173 1236 3248 collegae

159 3299 229 3336 saeue
248 3287 440 3355 parentasset.
489 3275 506 3353 5
526 3282 565 3334 40
589 3296 669 3354 quern
685 3297 738 3353 ego
760 3281 884 3336 inustum
902 3278 1057 3335 verissimis
1073 3275 1235 3333 maledicto·

159 3403 221 3441 rum
245 3384 321 3440 notis
345 3382 457 3438 tradam
475 3380 615 3437 bominum
634 3382 784 3438 memoriae
798 3383 995 3456 sempiternae.
1041 3377 1115 3456 543
1140 3380 1236 3436 orabas

160 3487 319 3543 incendium
336 3485 389 3562 qui
400 3485 620 3558 restinguerent.
665 3483 705 3541 ib.
729 3502 804 3541 necne
820 3484 849 3540 io
867 3492 975 3540 tontum
989 3483 1139 3560 flammam
1163 3490 1236 3538 tum-

160 3607 213 3665 que
235 3590 422 3645 inueterotom
444 3587 611 3642 mittamus?

244 3693 298 3748 Ex
319 3692 467 3760 Philipp.
489 3692 581 3749 XIV.

246 3790 300 3869 56
322 3795 382 3849 acsi
400 3812 548 3850 mucrones
570 3793 655 3850 ettam
679 3801 843 3850 nostrarum
865 3791 984 3847 militum
1008 3800 1128 3848 tremere
1149 3787 1235 3846 oultc's

231 3944 274 4013 88)
293 3947 367 3994 Curio
386 3946 417 3991 ad
436 3947 500 3991 huuc
517 3947 597 3992 locum
615 3959 759 4004 comparare
777 3959 822 3991 nos
839 3942 907 3991 iubet
923 3942 1065 3990 Plautinum
1082 3939 1159 3988 illud:

315 4031 414 4089 ‚Curate
431 4036 458 4076 ut
475 4032 592 4090 splendor
609 4031 641 4078 sit
658 4045 712 4078 meo
731 4032 817 4091 clypeo

373 4123 399 4163 ut
415 4117 581 4176 praestringat
598 4117 725 4165 oculorum
742 4117 820 4168 aciem
838 4117 863 4162 in
881 4114 933 4162 acie
952 4109 1079 4160 hostibus!
