2752 4620
577 243 791 311 ..31-

148 401 249 458 hortem
272 401 426 470 lacrimae,
452 407 564 458 moveat
582 393 707 476 pietas,⁴
722 407 833 457 moveat
851 399 1048 474 germanitas,
1074 417 1133 476 quo
1156 397 1223 477 qui-

150 504 215 561 dem
237 501 303 561 loeo
326 502 436 562 oratori
467 502 512 562 fas
543 501 582 561 sii
605 504 797 561 vehementer
825 519 1011 559 commovere
1040 501 1223 559 audientium

148 606 288 664 affectus:
311 623 379 662 nam
394 607 425 663 oi
441 603 551 679 epilogi
569 609 614 662 esi
629 603 712 662 loeus
724 608 755 662 ei
771 603 863 663 totius
880 603 1096 678 deprecationis
1111 622 1225 662 summa

146 707 179 764 in
201 707 248 765 his
270 707 369 767 verbis
391 706 593 786 nititur104).

235 809 318 872 Quae
342 809 426 888 quasi
447 809 597 868 contraria
618 809 827 884 epanaphorae
850 813 909 881 est,
934 800 1177 886 ἆπιστροφήν
1199 829 1222 867 s.

53 941 56 946 ·
150 911 449 972 conversionem
479 913 537 971 hoo
567 911 635 975 looo.
657 912 818 985 attingere,
849 911 928 968 haud
951 914 1037 970 extra
1058 931 1120 970 rem
1144 911 1224 970 duai-

149 1034 230 1073 mus:
253 1033 329 1094 quae
352 1014 448 1090 figura
469 1014 615 1074 illustrius
638 1014 779 1093 quiddam
801 1014 892 1072 habai
915 1018 1004 1092 atque
1026 1013 1224 1072 artificiosius.

149 1114 248 1177 Quare
277 1117 308 1175 in
337 1117 448 1177 nostris
480 1117 600 1196 quidam
632 1117 819 1177 orationibus
847 1116 958 1175 frustra
980 1134 1104 1195 quaeres
1125 1134 1225 1174 exom-

148 1218 240 1295 plum.
286 1219 396 1279 Contra
424 1220 455 1278 in
479 1220 558 1278 Phil.
580 1222 595 1278 I
617 1219 674 1278 hoa
696 1220 789 1278 habos
813 1218 983 1294 exemplum
1009 1218 1127 1293 insigne
1150 1217 1165 1296 ξ
1184 1222 1223 1276 24

149 1323 204 1391 ,lle
226 1322 328 1379 resilio
350 1323 464 1380 reducti
483 1340 500 1378 o
523 1331 680 1392 mortuo,
712 1322 816 1379 aloitus
846 1321 913 1378 doto
936 1340 992 1379 non
1013 1321 1104 1378 solum
1126 1323 1226 1396 staga-

148 1424 196 1494 lis,
221 1424 456 1483 radiationibus
478 1426 685 1500 etproot’neti's
708 1426 888 1482 universim
911 1432 1070 1493 mortuo,
1096 1425 1225 1481 immuni·

148 1525 255 1584 tatibus
277 1525 399 1602 infinitis
421 1529 574 1604 veeh'gult'o
596 1527 711 1585 sublata
735 1536 937 1595 emortuo,
962 1525 994 1583 in
1017 1524 1094 1584 Phil.
1119 1527 1160 1598 II,
1185 1530 1240 1583 55·

147 1630 220 1687 hoo:
244 1629 352 1687 Doletis
369 1632 515 1688 exereitus
529 1631 637 1706 populi
646 1631 769 1687 Romam·
782 1626 965 1705 intersertos:
990 1626 1137 1705 interserit
1150 1631 1181 1685 A
1186 1648 1226 1686 n-

149 1740 160 1786 t
167 1748 208 1786 ou
216 1732 284 1787 ius.
333 1732 513 1790 Ileaiderotti
536 1733 715 1789 clarissimos
737 1733 831 1789 rives:
865 1749 913 1787 eoo
935 1748 1045 1806 quoque
1066 1729 1146 1787 nolti
1169 1733 1226 1789 eri-

145 1834 215 1907 puit
235 1834 436 1891 Antonius.
483 1836 657 1892 Auctoritas
687 1835 771 1891 totus
801 1832 911 1891 ordinis
939 1832 1056 1911 afflicta
1085 1841 1144 1890 est:
1176 1833 1228 1889 ad-

140 1934 229 2011 flt'set't
255 1936 451 1994 Antonius.
498 1939 598 1994 Omnia
625 1938 764 2013 tenipus,
790 1954 864 2014 quae
890 1943 993 2012 posteo
1021 1936 1142 1993 ot'dz'mas

149 2039 202 2094 uni
229 2047 344 2114 oeeepto
374 2039 530 2117 reseremus
560 2041 749 2098 Antonio!
795 2039 903 2097 Confer
925 2038 1014 2097 otiam
1036 2037 1093 2112 leg.
1118 2057 1178 2112 agr.
1202 2039 1226 2110 I,

153 2143 206 2196 14:
230 2158 316 2209 ,emes
339 2143 415 2218 quod
435 2143 555 2213 voles,
582 2143 700 2212 vendes,
724 2141 800 2218 quod
819 2141 932 2210 voles,
959 2148 1107 2216 utromque
1128 2142 1227 2197 lorum

141 2241 241 2320 sueres
268 2246 372 2320 quenti
398 2245 528 2303 voles!
573 2244 734 2304 Permultis
763 2245 852 2303 huius
874 2244 986 2319 figurae
1009 2242 1154 2318 exemplis
1176 2261 1228 2300 ex-

149 2343 230 2404 cellit
243 2345 321 2403 Phil.
333 2346 429 2407 VIII:
448 2352 476 2406 3.
493 2381 535 2390 -
551 2349 698 2406 volent—
711 2348 815 2405 volent.
848 2347 890 2405 ib.
914 2381 956 2389 —
967 2348 1062 2423 possit
1072 2379 1114 2388 —
1121 2349 1225 2421 possit.

150 2450 178 2504 4.
210 2481 252 2490 —
275 2449 455 2506 tolletur-
478 2451 606 2509 tolletur.
662 2451 710 2512 17.
741 2468 917 2527 —possum
940 2481 982 2492 --
1004 2468 1129 2524 possum.
1184 2449 1224 2507 ib.

149 2583 191 2592 —
213 2552 360 2610 Antonios
381 2585 423 2595 -
446 2556 567 2611 Antoni.
622 2553 691 2611 Alia
726 2553 867 2628 leguntur
899 2551 1051 2627 exempla:
1088 2552 1151 2609 Mil.
1171 2557 1222 2610 26.

150 2652 229 2712 Phil.
247 2654 295 2727 H,
315 2660 363 2712 96.
387 2655 451 2728 ΙΠ,
471 2662 498 2713 9.
519 2661 568 2715 33.
592 2657 655 2728 IX,
677 2660 725 2714 14.
750 2657 790 2728 Χ,
811 2660 839 2713 4.
863 2660 910 2713 18.
935 2655 991 2726 ΧΙ,
1011 2654 1060 2712 37.
1085 2655 1175 2727 XIII,
1197 2660 1224 2713 8.

222 2823 282 2886 104)
300 2822 407 2871 Omnino
419 2825 444 2870 in
457 2824 636 2884 Ligariana
648 2826 695 2871 hae
709 2829 806 2871 exstant
818 2824 1003 2883 epanaphoraa:
1023 2824 1046 2868 2.
1065 2838 1114 2880 quo
1127 2849 1158 2858 -
1171 2839 1227 2881 qao.

152 2910 175 2955 8.
194 2908 247 2954 vide
268 2923 384 2967 quum-
397 2908 450 2954 olda
468 2924 548 2967 quom.
585 2912 607 2956 7.
627 2909 713 2968 qoi—
726 2908 811 2968 qui—
824 2909 938 2967 qui—o
951 2909 1102 2966 quo-qui.
1141 2911 1180 2955 11.
1199 2924 1229 2955 ae

153 3020 185 3028 -
196 3008 226 3038 ae
238 3020 271 3028 -
283 3009 312 3040 rte
323 3020 357 3028 —
368 3008 404 3039 ne.
439 2993 499 3040 ibid.
518 3009 573 3040 aum
586 3020 619 3029 -
630 3009 692 3040 num.
729 2997 770 3042 12.
788 2994 845 3040 noos'
855 3020 889 3028 —
901 2993 958 3040 aovi
968 3020 1001 3029 -
1014 2994 1076 3040 oooi.
1112 2996 1152 3040 14.
1171 3010 1228 3040 eoos

154 3105 186 3114 -
205 3094 269 3125 eoae.
307 3081 346 3128 15.
365 3094 438 3138 quom
454 3080 524 3126 motti
534 3106 567 3115 -
580 3095 652 3139 qoam
669 3081 743 3127 multi.
781 3082 819 3128 17.
839 3080 887 3126 atii
897 3107 930 3115 -
943 3079 994 3126 etit.
1029 3079 1062 3126 ib.
1080 3081 1124 3139 qui
1134 3108 1166 3116 -
1179 3083 1226 3140 qui.

154 3167 195 3214 18.
206 3165 301 3225 fumea
319 3192 352 3201 -
362 3166 458 3226 sicorim
474 3191 507 3202 —
520 3165 618 3226 fiteoint.
653 3167 687 3216 ib.
706 3166 778 3214 liceat
795 3192 828 3201 -
845 3166 923 3214 liceat.
959 3169 999 3216 27.
1017 3181 1064 3214 non
1083 3201 1129 3214 ...
1146 3182 1176 3212 ae
1193 3193 1227 3202 -

152 3266 546 3299 aon...ae-noa...ae.
583 3253 623 3300 ³3.
648 3268 771 3311 quom-
790 3267 911 3312 quom—
931 3268 1009 3311 quana
1045 3252 1078 3301 ib.
1096 3267 1121 3299 v.
1140 3267 1160 3298 s.
1194 3253 1228 3299 ib.

152 3339 214 3384 hune
232 3366 265 3374 —
282 3338 346 3385 horte
362 3365 396 3374 -
414 3339 483 3385 leuno.
520 3339 553 3386 ib.
573 3339 610 3385 leia
628 3365 661 3374 -
678 3340 721 3385 ltoe
740 3365 773 3374 -
791 3339 836 3384 loia.
867 3338 907 3384 35.
927 3338 1039 3397 quoniam
1056 3364 1089 3373 —
1107 3338 1227 3396 quantum.

152 3423 181 3469 In
200 3428 260 3470 orat.
279 3439 303 3484 p.
323 3425 480 3472 Deiotaro
499 3424 555 3472 hab.
575 3426 635 3472 hae:
654 3429 678 3473 3.
696 3440 747 3471 eam
763 3452 791 3460 -
806 3438 865 3470 eum.
902 3425 925 3470 5.
944 3423 998 3470 dieo
1012 3450 1041 3458 -
1055 3422 1115 3470 dieo.
1150 3424 1185 3470 ib.
1203 3425 1229 3471 lo

154 3508 201 3552 tute
217 3535 251 3543 -
269 3509 294 3555 io
311 3517 350 3556 tuo
369 3537 400 3544 —
419 3517 440 3556 te
458 3525 529 3557 onum
549 3537 583 3545 —
600 3511 636 3556 ad
650 3516 672 3556 te
687 3526 766 3556 uuum.
804 3512 826 3556 8.
845 3516 871 3555 to
889 3536 921 3544 -
939 3515 965 3554 to
983 3536 1013 3543 —
1031 3514 1104 3554 te-
1122 3514 1150 3554 ta.
1189 3513 1228 3557 11.

154 3592 215 3639 nehel
232 3620 265 3628 -—
282 3595 345 3641 nihil
361 3622 394 3631 -
411 3596 479 3643 utta.
526 3597 564 3643 12.
596 3603 710 3654 quantum
728 3623 761 3631 -
780 3601 871 3654 potante
889 3621 923 3630 --
941 3594 1027 3652 quami
1041 3621 1075 3629 —
1094 3595 1180 3653 quanti
1196 3622 1229 3631 ·-

155 3680 245 3736 quanti.
283 3683 321 3728 14.
347 3681 390 3726 itte
406 3708 439 3716 —
455 3681 496 3727 elle
515 3708 548 3716 —
565 3681 606 3728 itte
624 3708 657 3717 -
673 3681 714 3728 elle
731 3708 765 3717 -
782 3681 830 3727 itte.
868 3683 906 3728 15.
932 3695 958 3728 v.
983 3695 1002 3727 s.
1038 3667 1072 3727 ib.
1099 3695 1178 3729 mouet
1195 3708 1230 3717 —

156 3778 235 3812 omnes
256 3791 290 3800 -
313 3781 391 3814 omnes
409 3793 442 3803 -
460 3781 538 3813 omnes
556 3791 590 3802 -·
608 3767 696 3814 emula.
739 3767 772 3814 ib.
803 3782 855 3813 mom
873 3793 906 3802 —
927 3781 979 3813 mem
1000 3792 1027 3801 -
1047 3782 1100 3813 eum
1118 3793 1150 3802 -
1169 3783 1227 3814 eum.

158 3854 196 3900 16.
217 3852 269 3911 qais
281 3877 316 3887 -
328 3853 379 3911 qaia
392 3879 425 3887 -
437 3853 497 3911 quis.
533 3852 568 3901 ib.
585 3859 644 3900 ποια
655 3880 687 3888 -
700 3853 753 3900 noti
762 3880 794 3889 —
806 3858 873 3899 nota
911 3856 951 3901 17.
970 3868 998 3899 ea
1016 3879 1049 3888 -
1068 3866 1105 3898 ea.
1141 3855 1179 3900 18.
1201 3852 1229 3898 do

156 3965 190 3973 —
209 3937 238 3983 de
251 3965 282 3972 -
297 3937 333 3983 de.
368 3939 407 3985 20.
426 3953 482 3985 aum
493 3965 527 3973 —
538 3953 594 3983 aum
606 3964 639 3973 —
651 3953 707 3984 oum
725 3937 784 3997 quid
799 3938 849 3983 alai
865 3964 898 3973 —
916 3937 965 3984 uisi
981 3963 1014 3972 —-
1031 3937 1087 3983 nisi.
1125 3940 1165 3985 30.
1181 3952 1230 3984 aoso

155 4050 188 4060 -
199 4039 248 4071 oon
260 4049 294 4057 -
305 4037 361 4070 noa.
397 4024 430 4072 ib.
448 4023 554 4070 5515·-
565 4025 647 4071 umiae
659 4051 691 4060 -
702 4025 778 4072 mtto.
816 4027 856 4072 32.
875 4039 952 4072 nonne
965 4051 997 4060 -
1009 4038 1085 4070 oenoe
1098 4049 1132 4059 -
1144 4038 1228 4071 noane.

155 4109 189 4157 ib.
206 4117 257 4159 tam
274 4135 308 4145 -
324 4116 375 4157 tam
392 4137 425 4146 -
441 4116 498 4158 tarra
534 4111 575 4158 88.
593 4110 684 4159 attilam
700 4136 735 4146 -
751 4109 848 4158 audam.
