2752 4620
595 267 809 333 ..43-

165 427 219 484 hae
241 445 343 484 omnes
365 424 483 498 figuras,
506 424 680 501 praesertim
703 444 769 483 oum
792 424 846 483 vix
870 423 986 499 possint
1007 428 1088 483 oerto
1105 423 1240 482 definite-

165 546 223 606 que
252 527 482 602 dimetrum),
514 526 603 586 lineat
629 546 689 585 uua
716 528 766 586 hio
795 528 961 603 complecti.
1007 528 1052 585 De
1074 527 1121 584 his
1142 530 1241 585 autem

165 650 255 706 agere
278 629 382 706 figuris
405 635 549 709 quantum
572 635 691 689 nostrae
713 629 833 690 intersit
855 629 1048 709 quaestionis,
1070 649 1109 688 ox
1131 649 1166 687 eo
1189 650 1241 704 po-

164 739 224 794 test
251 732 400 809 intellegi,
434 733 512 811 quod
542 732 655 792 nemini
691 733 749 791 iam
778 738 824 793 est
852 733 986 808 ignotum
1016 733 1242 791 redundantiam

165 837 313 914 quandam
329 837 489 896 verborum
510 841 541 895 et
562 835 779 895 sententiarum
795 837 874 893 haud
890 835 999 911 exiguo
1015 834 1135 894 Asianis
1150 835 1241 893 fuisse

165 936 325 1014 opprobrio
339 937 420 1011 127).
463 938 532 996 Huo
548 938 669 1010 decedit,
693 938 772 1015 quod
794 936 858 1014 ipse
874 937 976 996 Oiooro
999 937 1147 1013 primitias
1171 955 1240 996 suas

162 1040 356 1116 reprehendit
377 1045 500 1116 propter
521 1041 749 1098 redundantiam
774 1041 921 1118 quandam
944 1039 1117 1113 iuvenilem,
1141 1059 1158 1098 a
1181 1058 1241 1117 qua

163 1149 267 1219 postea
283 1141 412 1201 Molonis
434 1141 594 1218 disciplina
615 1142 650 1200 ad
674 1141 768 1217 magis
790 1142 935 1202 modieam
956 1143 1102 1201 rationem
1122 1142 1239 1200 dicendi

162 1245 202 1305 sit
231 1244 480 1320 revooatus¹¹⁸).
528 1244 623 1308 Quam
652 1245 683 1303 in
714 1263 776 1304 rom
808 1245 896 1303 nobis
926 1242 1148 1323 inquirentibus
1178 1263 1239 1302 uon

162 1346 255 1406 solum
278 1347 396 1407 illarum
419 1348 580 1423 figurarum
603 1348 758 1424 exempla,
789 1348 839 1406 sod
863 1347 952 1406 etiam
976 1366 1078 1406 omues
1099 1347 1156 1406 looi
1180 1348 1241 1407 sint

160 1450 347 1526 respioiendi,
369 1450 421 1508 ubi
437 1455 545 1524 orator,
569 1452 606 1509 ad
629 1452 707 1530 quod
732 1451 960 1526 significandum
983 1471 1075 1508 unum
1097 1449 1156 1508 iam
1178 1449 1239 1507 suf-

161 1553 263 1612 fioeret
291 1554 433 1626 verbum,
465 1557 565 1613 tamen
595 1557 699 1629 utpote
730 1553 856 1628 diligens
886 1553 1085 1614 abundantiae
1116 1553 1239 1611 duorum

160 1657 318 1715 verborum
341 1655 532 1731 oopulatione
554 1655 656 1728 utitur,
680 1662 721 1728 ut,
746 1675 851 1731 rogare
874 1662 904 1715 et
927 1659 1021 1714 orare‘
1043 1655 1125 1732 (niv.
1144 1655 1175 1712 in
1197 1654 1235 1717 Q.

162 1758 246 1816 Oeae.
264 1759 295 1836 3)
318 1777 372 1834 pro
396 1757 524 1833 simplici
547 1763 599 1817 aut
616 1758 741 1834 rogandi
764 1765 815 1819 aut
830 1760 934 1818 orandi
950 1760 1042 1819 verbo
1056 1757 1136 1835 ¹¹⁹).
1181 1757 1238 1816 His

161 1859 306 1935 expositis
328 1859 394 1935 ipsa
415 1859 622 1935 aggrediamur
643 1862 789 1938 exempla.

247 1962 284 2020 In
306 1963 520 2038 Ligariana
542 1963 691 2037 congeriei
714 1966 789 2024 haee
806 1965 944 2040 exempla
966 1964 1161 2024 inveniuntur
1182 1968 1236 2022 10:

160 2062 177 2142 §
194 2070 212 2122 6
236 2065 443 2122 orlemeniiam
467 2065 664 2123 admirabilem
688 2076 773 2143 alque
791 2069 870 2125 omni
890 2069 984 2138 lande,
1007 2068 1233 2145 praedieatione,

160 2167 266 2224 litteris
289 2171 528 2244 monumentisque
545 2169 743 2228 decorandam.
794 2175 830 2228 13
856 2171 938 2247 Quod
957 2190 1009 2228 nos
1029 2173 1151 2247 petimus
1170 2189 1238 2245 pre·

159 2269 249 2340 orins,
275 2270 425 2340 lacrimis,
451 2274 541 2328 strati
560 2272 599 2328 ad
615 2273 713 2347 pedes.
763 2278 801 2331 30
825 2276 951 2344 errarit,
977 2275 1155 2349 lomensem,
1180 2291 1236 2330 non

157 2374 280 2447 pictavia
326 2372 369 2430 ib.
395 2393 451 2431 non
466 2372 556 2452 fecit,
581 2394 638 2432 non
661 2377 820 2450 rogitavit:
837 2375 1033 2455 fulsimine,
1050 2377 1155 2452 siolum
1179 2378 1236 2432 eri-

160 2492 229 2532 men.
274 2475 313 2534 ib.
336 2477 465 2545 erravit,
491 2485 594 2533 temere
607 2476 702 2554 feeit,
725 2479 947 2556 paenitei¹⁸⁰).
997 2480 1035 2537 27
1059 2480 1160 2549 tonos,
1186 2498 1236 2536 no-

159 2575 277 2647 bilitas,
310 2577 462 2654 splendor,
495 2581 651 2654 ingenium.
707 2585 724 2637 9
759 2582 834 2656 Quid
857 2624 864 2638 .
885 2623 920 2638 ..
947 2591 1012 2639 tnns
1117 2581 1235 2657 gladius

158 2678 265 2755 agebat
284 2699 366 2760 e.q.s.
417 2685 455 2738 12
482 2683 578 2739 stadia
604 2685 722 2758 generis
752 2703 787 2741 aa
808 2682 948 2761 familiae
971 2693 1082 2742 nestrae
1104 2686 1230 2754 virtualis,

159 2780 367 2853 hamanitatis,
401 2783 567 2853 doetrinae,
598 2787 790 2861 plurimarum
814 2789 920 2845 artium
943 2796 1028 2863 atqne
1050 2789 1230 2864 optimarum.

164 2887 199 2940 18
222 2885 341 2941 sceleris
363 2904 429 2943 vero
452 2888 586 2958 erimine,
611 2887 751 2964 jaromir,
774 2892 940 2966 parricidii.
988 2894 1027 2946 20
1051 2892 1233 2966 nequeenim

159 2985 240 3042 lienil
255 2987 341 3045 aliter
358 2996 451 3045 vestm
470 2992 583 3065 generi,
608 2993 727 3061 nomini,
744 2990 894 3070 familiae,
920 2992 1098 3068 dr'sae'plinae.
1144 2993 1233 3052 Prae·

159 3093 241 3147 terea
261 3089 335 3149 haee
356 3090 570 3151 redundantiae
592 3094 731 3169 exempla
753 3101 771 3153 4
794 3096 844 3154 rel
868 3100 903 3155 5:
925 3094 974 3174 §1
999 3114 1101 3153 nonam
1124 3097 1231 3152 crimen

157 3200 186 3247 et
210 3232 217 3247 .
240 3232 247 3247 .
268 3232 276 3247 .
300 3210 357 3250 non
385 3196 526 3252 anditum.
573 3196 604 3272 (2
636 3199 792 3272 integritas
822 3216 857 3254 ae
879 3198 985 3275 fides.)
1033 3203 1069 3256 13
1100 3195 1232 3255 acerbius

157 3294 299 3370 multoque
319 3305 363 3352 es!
383 3297 496 3354 diarias.
547 3302 583 3356 16
607 3298 741 3378 refellere
763 3310 792 3357 et
812 3302 998 3376 redarguere.
1047 3305 1086 3357 34
1115 3319 1231 3357 eonsen-

157 3415 217 3462 sum
241 3400 451 3474 conspirantem
473 3418 509 3456 ae
528 3419 621 3478 paene
643 3404 806 3482 conflatam.

226 3529 286 3598 126)
304 3535 359 3594 Ipse
378 3535 546 3594 Quintilianus
565 3537 631 3595 VIII,
645 3540 669 3596 4,
684 3539 716 3586 27
736 3539 796 3586 haee
814 3539 885 3587 dicit:
905 3539 981 3585 simile
998 3546 1032 3586 eet
1048 3541 1091 3585 noo
1110 3537 1153 3605 (so.
1174 3556 1230 3589 eon·

156 3619 236 3678 genias
263 3618 396 3667 verborum
421 3635 450 3668 ae
467 3623 645 3669 sententiarum
669 3624 734 3670 idern
752 3624 953 3687 sIgnifloantium)
968 3625 1067 3684 figurae
1084 3642 1156 3685 qnam
1174 3641 1229 3677 oon-

156 3699 295 3766 annotando
313 3711 411 3753 vocant
440 3709 472 3753 ef.
491 3708 565 3754 etitem
584 3708 767 3756 Volkmannum
786 3712 801 3756 I.
816 3712 831 3757 l.
851 3725 873 3769 p.
888 3711 935 3756 401
952 3725 988 3769 sq.

225 3790 285 3853 127)
303 3791 379 3839 Cuius
397 3793 432 3838 roi
450 3799 535 3839 vetera
552 3794 693 3840 testimonia
710 3795 874 3854 Landgrafius
892 3797 1016 3855 congessit
1033 3798 1077 3845 1.1.
1097 3813 1121 3858 p.
1135 3801 1159 3846 8.

225 3877 284 3936 raa)
302 3879 371 3923 Brut.
389 3878 404 3937 o
424 3882 482 3926 316.

225 3960 285 4025 129)
303 3963 383 4021 Quam
400 3965 468 4011 viam
487 3971 543 4012 ante
561 3981 600 4012 me
618 3966 745 4025 ingressus
762 3971 800 4013 est
816 3967 988 4028 Landgrafius.

225 4047 286 4110 130)
304 4049 421 4098 OmnIum
447 4054 518 4100 huius
544 4055 694 4114 paragraphi
712 4057 879 4115 exemplorum
898 4059 966 4104 nulle
984 4058 1086 4104 torsttan
1105 4058 1167 4105 ratio
1185 4058 1228 4105 hn-

153 4131 235 4182 bonde
252 4135 291 4194 sit,
310 4137 367 4184 vide
385 4151 460 4197 supra
477 4152 502 4198 p.
516 4140 540 4187 6.
